Row ID,Order ID,Order Date,Ship Date,Ship Mode,Customer ID,Customer Name,Segment,Postal Code,City,State,Country,Region,Market,Product ID,Category,Sub-Category,Product Name,Sales,Quantity,Discount,Profit,Shipping Cost,Order Priority
1,CA-2013-ORD65853,01/01/2016,01/02/2016,Same Day,CUST-7114,Alice Smith,Home Office,,Austin,California,United States,East,USCA,PROD-7387,Office Supplies,Phones,Product B,1261.51,8,0.3,417.66,199.9,Low
2,CA-2016-ORD31120,01/02/2016,01/03/2016,Same Day,CUST-4486,Alice Smith,Corporate,,Chicago,Illinois,United States,West,USCA,PROD-7876,Technology,Tables,Product A,3424.74,8,0.2,40.2,61.46,High
3,CA-2014-ORD37245,01/03/2016,01/04/2016,First Class,CUST-2668,Diana Ross,Home Office,12345.0,New York,Texas,United States,Central,USCA,PROD-7263,Technology,Tables,Product C,4402.12,1,0.3,-384.38,181.89,High
4,CA-2013-ORD99121,01/04/2016,01/05/2016,Standard Class,CUST-2632,Alice Smith,Home Office,12345.0,Austin,New York,United States,South,USCA,PROD-5329,Technology,Chairs,Product A,3223.15,9,0.2,-450.14,75.91,Medium
5,CA-2013-ORD52286,01/05/2016,01/06/2016,Standard Class,CUST-4761,Bob Johnson,Corporate,34567.0,Austin,California,United States,South,USCA,PROD-4844,Office Supplies,Phones,Product A,4281.81,7,0.2,240.21,69.09,Low
6,CA-2013-ORD82332,01/06/2016,01/07/2016,First Class,CUST-6055,Charlie Brown,Home Office,,Chicago,New York,United States,West,USCA,PROD-8501,Technology,Binders,Product A,1905.13,1,0.2,-135.08,163.84,High
7,CA-2013-ORD14361,01/07/2016,01/08/2016,Same Day,CUST-1334,Alice Smith,Consumer,12345.0,New York,Illinois,United States,East,USCA,PROD-5074,Technology,Tables,Product A,1536.33,8,0.3,-16.66,27.3,Critical
8,CA-2015-ORD89449,01/08/2016,01/09/2016,Second Class,CUST-5502,Diana Ross,Consumer,34567.0,Austin,California,United States,Central,USCA,PROD-7733,Office Supplies,Chairs,Product A,1895.86,7,0.0,353.62,138.03,Low
9,CA-2015-ORD11577,01/09/2016,01/10/2016,Same Day,CUST-2836,Alice Smith,Corporate,,New York,Illinois,United States,Central,USCA,PROD-9315,Furniture,Phones,Product A,4801.41,1,0.2,-473.16,99.09,High
10,CA-2013-ORD32356,01/10/2016,01/11/2016,Second Class,CUST-4017,Bob Johnson,Corporate,23456.0,San Francisco,Illinois,United States,East,USCA,PROD-6393,Technology,Binders,Product B,1382.22,6,0.1,-356.46,7.54,Medium
11,CA-2014-ORD31939,01/11/2016,01/12/2016,Standard Class,CUST-8618,Alice Smith,Home Office,12345.0,Austin,California,United States,South,USCA,PROD-1710,Furniture,Chairs,Product C,592.75,3,0.2,-131.51,24.71,Medium
12,CA-2014-ORD23422,01/12/2016,01/13/2016,First Class,CUST-6110,Diana Ross,Consumer,34567.0,San Francisco,New York,United States,South,USCA,PROD-5248,Office Supplies,Tables,Product A,3173.36,2,0.1,374.28,139.03,Low
13,CA-2015-ORD55034,01/13/2016,01/14/2016,Standard Class,CUST-8371,Charlie Brown,Corporate,12345.0,Austin,Texas,United States,West,USCA,PROD-1824,Furniture,Phones,Product B,1721.75,2,0.2,867.94,27.91,High
14,CA-2013-ORD93580,01/14/2016,01/15/2016,Same Day,CUST-7083,Bob Johnson,Home Office,23456.0,San Francisco,Texas,United States,Central,USCA,PROD-7466,Furniture,Chairs,Product C,2656.62,9,0.3,708.59,140.29,Medium
15,CA-2015-ORD26064,01/15/2016,01/16/2016,Same Day,CUST-3024,Bob Johnson,Corporate,23456.0,Austin,Illinois,United States,West,USCA,PROD-4818,Office Supplies,Tables,Product A,1226.43,2,0.2,643.72,174.24,Medium
16,CA-2013-ORD65827,01/16/2016,01/17/2016,First Class,CUST-3466,Bob Johnson,Home Office,34567.0,San Francisco,Illinois,United States,West,USCA,PROD-4005,Technology,Tables,Product C,3941.72,7,0.2,-279.5,136.72,Critical
17,CA-2015-ORD75728,01/17/2016,01/18/2016,First Class,CUST-3821,Alice Smith,Home Office,34567.0,New York,New York,United States,Central,USCA,PROD-9164,Technology,Phones,Product B,1441.03,7,0.2,113.47,11.34,Medium
18,CA-2015-ORD35917,01/18/2016,01/19/2016,First Class,CUST-9139,Alice Smith,Home Office,12345.0,Austin,California,United States,East,USCA,PROD-9236,Technology,Phones,Product A,3035.48,7,0.1,-141.81,162.69,Medium
19,CA-2015-ORD10181,01/19/2016,01/20/2016,Second Class,CUST-7684,Alice Smith,Corporate,,San Francisco,Illinois,United States,South,USCA,PROD-6152,Technology,Phones,Product A,3022.31,9,0.1,315.62,16.97,Low
20,CA-2013-ORD83424,01/20/2016,01/21/2016,First Class,CUST-2356,Charlie Brown,Consumer,34567.0,New York,California,United States,West,USCA,PROD-6682,Office Supplies,Tables,Product A,4855.29,1,0.1,425.68,102.48,Low
21,CA-2016-ORD82598,01/21/2016,01/22/2016,Standard Class,CUST-4007,Diana Ross,Corporate,,Austin,California,United States,Central,USCA,PROD-6868,Office Supplies,Chairs,Product A,352.89,9,0.1,204.97,19.99,Low
22,CA-2014-ORD98307,01/22/2016,01/23/2016,Second Class,CUST-7498,Alice Smith,Consumer,12345.0,Chicago,California,United States,East,USCA,PROD-7685,Office Supplies,Chairs,Product A,4897.76,5,0.3,-194.24,196.62,Critical
23,CA-2015-ORD28324,01/23/2016,01/24/2016,Standard Class,CUST-6913,Diana Ross,Consumer,34567.0,Austin,Texas,United States,South,USCA,PROD-9463,Technology,Chairs,Product B,370.99,4,0.2,422.94,40.91,Medium
24,CA-2015-ORD92305,01/24/2016,01/25/2016,Second Class,CUST-5946,Diana Ross,Consumer,34567.0,New York,Illinois,United States,East,USCA,PROD-7134,Technology,Phones,Product C,4374.22,4,0.1,-53.89,91.84,High
25,CA-2014-ORD77965,01/25/2016,01/26/2016,Standard Class,CUST-8287,Alice Smith,Home Office,,San Francisco,Illinois,United States,South,USCA,PROD-4388,Furniture,Phones,Product A,4108.83,6,0.0,400.75,16.69,Medium
26,CA-2014-ORD78983,01/26/2016,01/27/2016,First Class,CUST-2028,Charlie Brown,Consumer,,San Francisco,Illinois,United States,West,USCA,PROD-4444,Technology,Tables,Product A,2667.96,5,0.2,-55.98,5.5,Medium
27,CA-2014-ORD49690,01/27/2016,01/28/2016,First Class,CUST-7055,Alice Smith,Corporate,23456.0,Austin,New York,United States,West,USCA,PROD-8130,Furniture,Tables,Product A,23.66,1,0.2,357.55,70.05,Critical
28,CA-2014-ORD54096,01/28/2016,01/29/2016,Same Day,CUST-8714,Bob Johnson,Consumer,34567.0,New York,Illinois,United States,Central,USCA,PROD-8555,Furniture,Tables,Product C,3985.61,5,0.1,-499.11,80.75,Critical
29,CA-2016-ORD56221,01/29/2016,01/30/2016,Second Class,CUST-6679,Bob Johnson,Corporate,34567.0,New York,Texas,United States,Central,USCA,PROD-4482,Furniture,Binders,Product B,3280.4,1,0.3,-190.08,67.09,Critical
30,CA-2014-ORD65316,01/30/2016,01/31/2016,First Class,CUST-7785,Diana Ross,Home Office,12345.0,Austin,Texas,United States,Central,USCA,PROD-5855,Technology,Chairs,Product B,197.66,4,0.3,133.71,10.07,Critical
31,CA-2016-ORD62896,01/31/2016,02/01/2016,Same Day,CUST-5770,Alice Smith,Home Office,,New York,Texas,United States,Central,USCA,PROD-9111,Office Supplies,Chairs,Product C,4939.18,9,0.2,213.13,198.61,Medium
32,CA-2016-ORD59207,02/01/2016,02/02/2016,Second Class,CUST-3886,Charlie Brown,Consumer,23456.0,New York,Illinois,United States,West,USCA,PROD-7608,Furniture,Tables,Product B,3266.94,6,0.0,382.99,47.45,Low
33,CA-2014-ORD94239,02/02/2016,02/03/2016,Second Class,CUST-7420,Alice Smith,Consumer,34567.0,Austin,Illinois,United States,Central,USCA,PROD-2903,Furniture,Chairs,Product C,1839.37,2,0.2,-411.54,12.83,Critical
34,CA-2013-ORD24681,02/03/2016,02/04/2016,Same Day,CUST-9347,Bob Johnson,Corporate,34567.0,New York,Texas,United States,West,USCA,PROD-7012,Office Supplies,Tables,Product A,239.35,5,0.1,321.36,160.62,High
35,CA-2015-ORD67149,02/04/2016,02/05/2016,Second Class,CUST-5288,Charlie Brown,Consumer,12345.0,Austin,New York,United States,East,USCA,PROD-2896,Furniture,Chairs,Product B,2000.02,7,0.3,394.31,186.46,Medium
36,CA-2015-ORD56161,02/05/2016,02/06/2016,Second Class,CUST-6927,Alice Smith,Corporate,12345.0,New York,New York,United States,Central,USCA,PROD-7999,Furniture,Phones,Product B,88.24,3,0.1,-478.19,115.25,Medium
37,CA-2013-ORD85293,02/06/2016,02/07/2016,Standard Class,CUST-9203,Bob Johnson,Corporate,23456.0,Chicago,New York,United States,South,USCA,PROD-4256,Office Supplies,Tables,Product A,419.83,4,0.2,685.05,89.23,Critical
38,CA-2016-ORD63207,02/07/2016,02/08/2016,Same Day,CUST-8267,Alice Smith,Home Office,12345.0,San Francisco,Illinois,United States,West,USCA,PROD-3602,Furniture,Tables,Product C,79.19,2,0.1,20.86,190.67,Critical
39,CA-2014-ORD98136,02/08/2016,02/09/2016,Second Class,CUST-4022,Diana Ross,Corporate,12345.0,New York,New York,United States,West,USCA,PROD-8750,Technology,Tables,Product A,4859.17,2,0.2,697.77,149.26,Critical
40,CA-2016-ORD70971,02/09/2016,02/10/2016,Same Day,CUST-4864,Bob Johnson,Home Office,34567.0,San Francisco,New York,United States,West,USCA,PROD-9303,Technology,Binders,Product B,2936.34,5,0.1,150.74,98.84,High
41,CA-2015-ORD46134,02/10/2016,02/11/2016,Standard Class,CUST-4841,Charlie Brown,Corporate,12345.0,Chicago,Texas,United States,South,USCA,PROD-7980,Technology,Tables,Product B,2262.18,2,0.2,-103.2,124.68,Low
42,CA-2015-ORD98483,02/11/2016,02/12/2016,Standard Class,CUST-6320,Charlie Brown,Home Office,,Chicago,New York,United States,Central,USCA,PROD-2271,Office Supplies,Tables,Product A,3414.96,5,0.3,995.02,169.18,Low
43,CA-2013-ORD17070,02/12/2016,02/13/2016,First Class,CUST-3786,Diana Ross,Consumer,12345.0,Chicago,Texas,United States,East,USCA,PROD-4484,Furniture,Phones,Product A,4293.6,9,0.1,594.84,83.87,Medium
44,CA-2014-ORD89157,02/13/2016,02/14/2016,First Class,CUST-2922,Bob Johnson,Consumer,12345.0,San Francisco,New York,United States,South,USCA,PROD-8765,Technology,Chairs,Product C,1173.71,2,0.1,443.5,24.82,High
45,CA-2014-ORD40684,02/14/2016,02/15/2016,Second Class,CUST-4241,Diana Ross,Consumer,23456.0,Austin,California,United States,East,USCA,PROD-8891,Office Supplies,Tables,Product A,1237.99,1,0.2,721.98,171.69,Low
46,CA-2015-ORD18104,02/15/2016,02/16/2016,Second Class,CUST-4135,Alice Smith,Home Office,23456.0,Chicago,Texas,United States,South,USCA,PROD-1945,Office Supplies,Binders,Product A,4250.8,2,0.2,214.8,192.98,Medium
47,CA-2016-ORD49404,02/16/2016,02/17/2016,First Class,CUST-9975,Charlie Brown,Home Office,34567.0,New York,Illinois,United States,East,USCA,PROD-7673,Furniture,Chairs,Product C,3559.22,8,0.2,283.14,186.73,High
48,CA-2015-ORD48379,02/17/2016,02/18/2016,Standard Class,CUST-8555,Alice Smith,Consumer,23456.0,New York,Illinois,United States,East,USCA,PROD-8953,Office Supplies,Binders,Product C,2906.95,1,0.3,603.12,129.06,Low
49,CA-2014-ORD32290,02/18/2016,02/19/2016,Same Day,CUST-5852,Alice Smith,Consumer,23456.0,Austin,Illinois,United States,East,USCA,PROD-1010,Furniture,Phones,Product A,4242.17,4,0.3,769.69,189.92,High
50,CA-2016-ORD82139,02/19/2016,02/20/2016,First Class,CUST-6567,Alice Smith,Consumer,34567.0,San Francisco,Illinois,United States,East,USCA,PROD-6027,Technology,Phones,Product A,1959.38,8,0.0,825.64,54.38,Low
51,CA-2013-ORD19917,02/20/2016,02/21/2016,Same Day,CUST-6910,Bob Johnson,Consumer,12345.0,San Francisco,California,United States,West,USCA,PROD-2100,Furniture,Binders,Product A,1009.95,3,0.2,979.08,108.29,Low
52,CA-2016-ORD29159,02/21/2016,02/22/2016,Second Class,CUST-5561,Charlie Brown,Consumer,34567.0,Chicago,New York,United States,Central,USCA,PROD-7555,Technology,Chairs,Product C,3914.07,9,0.3,-113.15,109.75,Medium
53,CA-2014-ORD64187,02/22/2016,02/23/2016,Standard Class,CUST-6274,Bob Johnson,Corporate,34567.0,San Francisco,Texas,United States,West,USCA,PROD-1825,Office Supplies,Tables,Product C,4058.16,4,0.1,343.09,177.11,High
54,CA-2016-ORD57890,02/23/2016,02/24/2016,First Class,CUST-7351,Charlie Brown,Corporate,34567.0,San Francisco,New York,United States,East,USCA,PROD-8674,Technology,Binders,Product A,2542.58,4,0.0,317.83,60.34,Medium
55,CA-2015-ORD89349,02/24/2016,02/25/2016,Second Class,CUST-6266,Bob Johnson,Consumer,12345.0,Austin,New York,United States,East,USCA,PROD-8035,Furniture,Tables,Product A,3587.28,4,0.3,606.42,148.81,Low
56,CA-2016-ORD69490,02/25/2016,02/26/2016,Second Class,CUST-3819,Diana Ross,Consumer,23456.0,Austin,New York,United States,South,USCA,PROD-9987,Office Supplies,Binders,Product A,1169.18,6,0.1,363.14,54.44,Low
57,CA-2014-ORD23706,02/26/2016,02/27/2016,First Class,CUST-2237,Alice Smith,Home Office,,New York,Texas,United States,South,USCA,PROD-7925,Technology,Phones,Product B,1336.67,6,0.3,606.56,86.04,Low
58,CA-2015-ORD85368,02/27/2016,02/28/2016,Second Class,CUST-3473,Bob Johnson,Consumer,23456.0,New York,Texas,United States,West,USCA,PROD-3959,Technology,Chairs,Product A,1220.58,5,0.2,-206.97,145.48,Medium
59,CA-2014-ORD68861,02/28/2016,02/29/2016,Standard Class,CUST-4268,Bob Johnson,Home Office,34567.0,New York,Texas,United States,Central,USCA,PROD-9043,Technology,Binders,Product C,367.38,5,0.0,-454.61,15.08,Low
60,CA-2013-ORD22478,02/29/2016,03/01/2016,First Class,CUST-4937,Charlie Brown,Consumer,12345.0,San Francisco,Texas,United States,East,USCA,PROD-2800,Technology,Phones,Product A,2147.52,2,0.3,872.38,97.57,Critical
61,CA-2016-ORD18669,03/01/2016,03/02/2016,Second Class,CUST-8562,Charlie Brown,Home Office,12345.0,Austin,Texas,United States,Central,USCA,PROD-1525,Furniture,Phones,Product A,4819.5,6,0.3,216.78,181.76,High
62,CA-2013-ORD93444,03/02/2016,03/03/2016,Same Day,CUST-4019,Alice Smith,Consumer,34567.0,Austin,Texas,United States,Central,USCA,PROD-5761,Technology,Chairs,Product A,3532.48,5,0.2,-144.3,122.0,High
63,CA-2016-ORD27351,03/03/2016,03/04/2016,Standard Class,CUST-7213,Charlie Brown,Home Office,23456.0,New York,Illinois,United States,South,USCA,PROD-5476,Furniture,Binders,Product B,4760.14,6,0.3,506.23,115.4,High
64,CA-2015-ORD98892,03/04/2016,03/05/2016,Same Day,CUST-3003,Diana Ross,Corporate,,New York,Texas,United States,Central,USCA,PROD-2830,Technology,Phones,Product C,836.88,1,0.1,529.79,99.71,Low
65,CA-2014-ORD86576,03/05/2016,03/06/2016,Second Class,CUST-4082,Charlie Brown,Consumer,12345.0,New York,Texas,United States,Central,USCA,PROD-3203,Office Supplies,Tables,Product A,4180.23,1,0.1,622.74,138.47,Medium
66,CA-2013-ORD32224,03/06/2016,03/07/2016,Same Day,CUST-4589,Diana Ross,Corporate,34567.0,Austin,New York,United States,East,USCA,PROD-3042,Furniture,Binders,Product A,2572.42,5,0.1,-348.67,65.43,High
67,CA-2014-ORD13996,03/07/2016,03/08/2016,Standard Class,CUST-5804,Diana Ross,Home Office,34567.0,San Francisco,California,United States,Central,USCA,PROD-4416,Office Supplies,Chairs,Product A,2500.82,4,0.3,-285.36,54.44,Low
68,CA-2013-ORD65882,03/08/2016,03/09/2016,First Class,CUST-1985,Diana Ross,Corporate,12345.0,San Francisco,Illinois,United States,South,USCA,PROD-4951,Technology,Tables,Product B,489.6,7,0.1,939.1,130.39,Low
69,CA-2014-ORD15594,03/09/2016,03/10/2016,Second Class,CUST-6280,Bob Johnson,Home Office,34567.0,Chicago,Texas,United States,West,USCA,PROD-2414,Technology,Binders,Product C,1026.21,3,0.2,923.56,65.29,High
70,CA-2014-ORD39423,03/10/2016,03/11/2016,First Class,CUST-6130,Bob Johnson,Consumer,34567.0,San Francisco,Texas,United States,South,USCA,PROD-1623,Office Supplies,Binders,Product C,3132.52,9,0.0,6.65,116.29,Low
71,CA-2016-ORD98548,03/11/2016,03/12/2016,First Class,CUST-3155,Bob Johnson,Consumer,34567.0,New York,New York,United States,South,USCA,PROD-3112,Furniture,Binders,Product A,1608.76,9,0.1,482.2,66.02,High
72,CA-2015-ORD52713,03/12/2016,03/13/2016,First Class,CUST-5380,Alice Smith,Consumer,12345.0,Austin,Illinois,United States,West,USCA,PROD-1100,Furniture,Binders,Product C,4566.11,6,0.2,-400.98,191.63,High
73,CA-2013-ORD70814,03/13/2016,03/14/2016,Same Day,CUST-1128,Charlie Brown,Home Office,34567.0,Austin,New York,United States,South,USCA,PROD-9577,Furniture,Binders,Product A,2425.64,5,0.3,-426.59,45.68,Critical
74,CA-2015-ORD28176,03/14/2016,03/15/2016,First Class,CUST-9637,Alice Smith,Corporate,12345.0,San Francisco,California,United States,South,USCA,PROD-2737,Office Supplies,Chairs,Product C,4457.22,9,0.2,360.36,177.4,Medium
75,CA-2016-ORD92765,03/15/2016,03/16/2016,Same Day,CUST-7699,Charlie Brown,Consumer,23456.0,New York,New York,United States,West,USCA,PROD-3149,Technology,Phones,Product C,4734.56,8,0.2,196.11,190.02,Low
76,CA-2014-ORD23598,03/16/2016,03/17/2016,Standard Class,CUST-1449,Charlie Brown,Corporate,,Austin,New York,United States,South,USCA,PROD-6838,Office Supplies,Tables,Product B,2784.42,3,0.3,689.38,58.21,Medium
77,CA-2014-ORD62547,03/17/2016,03/18/2016,Standard Class,CUST-1334,Alice Smith,Home Office,23456.0,Chicago,New York,United States,South,USCA,PROD-8796,Furniture,Chairs,Product B,3325.52,4,0.3,936.28,61.13,Medium
78,CA-2015-ORD81018,03/18/2016,03/19/2016,First Class,CUST-1435,Alice Smith,Corporate,23456.0,San Francisco,Illinois,United States,South,USCA,PROD-8228,Technology,Binders,Product C,4420.92,1,0.0,694.48,196.95,Critical
79,CA-2015-ORD33496,03/19/2016,03/20/2016,Standard Class,CUST-3379,Diana Ross,Corporate,34567.0,Chicago,Texas,United States,East,USCA,PROD-8924,Technology,Chairs,Product B,4858.65,7,0.0,279.44,51.65,High
80,CA-2013-ORD64439,03/20/2016,03/21/2016,First Class,CUST-3447,Bob Johnson,Home Office,12345.0,San Francisco,New York,United States,Central,USCA,PROD-3434,Furniture,Tables,Product A,2580.65,1,0.1,398.34,119.93,Medium
81,CA-2015-ORD72130,03/21/2016,03/22/2016,Second Class,CUST-8112,Charlie Brown,Corporate,,New York,Texas,United States,East,USCA,PROD-9713,Office Supplies,Binders,Product B,2267.93,1,0.0,345.36,161.27,High
82,CA-2015-ORD45544,03/22/2016,03/23/2016,Same Day,CUST-3472,Diana Ross,Home Office,23456.0,New York,New York,United States,Central,USCA,PROD-5078,Technology,Binders,Product A,1675.63,8,0.1,-344.07,103.6,Critical
83,CA-2013-ORD87514,03/23/2016,03/24/2016,First Class,CUST-2739,Charlie Brown,Consumer,12345.0,San Francisco,Illinois,United States,West,USCA,PROD-4598,Office Supplies,Phones,Product A,3085.16,5,0.3,-407.93,114.55,Critical
84,CA-2016-ORD97395,03/24/2016,03/25/2016,Standard Class,CUST-2716,Charlie Brown,Home Office,23456.0,Austin,New York,United States,Central,USCA,PROD-7898,Technology,Tables,Product A,1015.11,9,0.2,369.99,106.77,Medium
85,CA-2013-ORD46616,03/25/2016,03/26/2016,Second Class,CUST-2560,Diana Ross,Corporate,23456.0,Austin,California,United States,Central,USCA,PROD-8532,Technology,Phones,Product B,3952.4,5,0.0,-104.68,86.11,Critical
86,CA-2013-ORD89229,03/26/2016,03/27/2016,Same Day,CUST-2744,Alice Smith,Corporate,23456.0,Chicago,Texas,United States,East,USCA,PROD-2202,Office Supplies,Tables,Product C,3085.77,6,0.1,345.93,72.83,Low
87,CA-2014-ORD13803,03/27/2016,03/28/2016,Standard Class,CUST-2469,Charlie Brown,Corporate,,Chicago,New York,United States,South,USCA,PROD-1701,Technology,Binders,Product C,153.0,5,0.3,56.65,127.61,Critical
88,CA-2015-ORD46139,03/28/2016,03/29/2016,Standard Class,CUST-7977,Diana Ross,Home Office,23456.0,Chicago,California,United States,South,USCA,PROD-4524,Technology,Tables,Product A,2584.21,6,0.1,80.86,166.95,Medium
89,CA-2013-ORD79139,03/29/2016,03/30/2016,Same Day,CUST-7102,Charlie Brown,Corporate,23456.0,Austin,Illinois,United States,South,USCA,PROD-7691,Office Supplies,Phones,Product C,1646.98,3,0.2,-392.28,154.05,Low
90,CA-2013-ORD80910,03/30/2016,03/31/2016,Second Class,CUST-1355,Bob Johnson,Corporate,,San Francisco,California,United States,East,USCA,PROD-6240,Furniture,Chairs,Product B,1799.57,9,0.0,715.05,43.27,Low
91,CA-2014-ORD72255,03/31/2016,04/01/2016,First Class,CUST-4195,Alice Smith,Corporate,34567.0,New York,Texas,United States,Central,USCA,PROD-4949,Office Supplies,Binders,Product B,3398.84,3,0.2,962.6,21.76,Low
92,CA-2015-ORD58172,04/01/2016,04/02/2016,Same Day,CUST-4533,Bob Johnson,Consumer,34567.0,New York,Illinois,United States,West,USCA,PROD-4305,Furniture,Binders,Product B,1912.88,5,0.0,-243.72,37.62,Medium
93,CA-2016-ORD87004,04/02/2016,04/03/2016,Same Day,CUST-1189,Alice Smith,Corporate,23456.0,New York,Texas,United States,South,USCA,PROD-9712,Office Supplies,Binders,Product B,1872.35,7,0.1,-126.78,186.91,Critical
94,CA-2015-ORD76058,04/03/2016,04/04/2016,First Class,CUST-6412,Alice Smith,Corporate,23456.0,Chicago,New York,United States,Central,USCA,PROD-4947,Furniture,Binders,Product A,4050.19,7,0.2,886.93,188.76,Low
95,CA-2016-ORD94940,04/04/2016,04/05/2016,First Class,CUST-8507,Charlie Brown,Consumer,23456.0,New York,California,United States,Central,USCA,PROD-8924,Furniture,Chairs,Product A,1835.81,3,0.0,-447.27,196.97,High
96,CA-2014-ORD95655,04/05/2016,04/06/2016,Standard Class,CUST-7022,Diana Ross,Corporate,34567.0,San Francisco,California,United States,Central,USCA,PROD-5101,Office Supplies,Binders,Product C,2301.71,8,0.0,898.24,73.5,Critical
97,CA-2013-ORD47464,04/06/2016,04/07/2016,First Class,CUST-4364,Charlie Brown,Home Office,12345.0,Chicago,New York,United States,Central,USCA,PROD-9990,Technology,Binders,Product B,4755.39,1,0.3,609.51,73.72,Medium
98,CA-2016-ORD28954,04/07/2016,04/08/2016,Standard Class,CUST-1773,Diana Ross,Home Office,,San Francisco,California,United States,West,USCA,PROD-3698,Office Supplies,Binders,Product C,4847.83,4,0.0,-335.64,32.7,High
99,CA-2015-ORD82476,04/08/2016,04/09/2016,Standard Class,CUST-2965,Charlie Brown,Home Office,34567.0,Austin,Texas,United States,Central,USCA,PROD-4249,Technology,Tables,Product C,4371.59,9,0.1,695.35,154.69,Low
100,CA-2014-ORD42896,04/09/2016,04/10/2016,First Class,CUST-2049,Alice Smith,Home Office,23456.0,Austin,California,United States,West,USCA,PROD-3475,Furniture,Phones,Product B,4814.45,7,0.0,698.9,160.93,High
101,CA-2013-ORD92219,04/10/2016,04/11/2016,First Class,CUST-1317,Alice Smith,Corporate,34567.0,Austin,Illinois,United States,East,USCA,PROD-9536,Technology,Binders,Product B,220.63,9,0.1,919.29,22.17,Medium
102,CA-2014-ORD55579,04/11/2016,04/12/2016,First Class,CUST-4478,Diana Ross,Consumer,12345.0,New York,California,United States,West,USCA,PROD-4798,Furniture,Chairs,Product B,1682.79,4,0.0,-104.9,24.57,Low
103,CA-2016-ORD72071,04/12/2016,04/13/2016,Same Day,CUST-1986,Diana Ross,Corporate,,Chicago,California,United States,South,USCA,PROD-1108,Office Supplies,Chairs,Product A,2660.75,9,0.3,432.06,45.28,High
104,CA-2015-ORD62447,04/13/2016,04/14/2016,Same Day,CUST-9212,Charlie Brown,Corporate,,Austin,New York,United States,East,USCA,PROD-7601,Technology,Binders,Product B,3190.68,4,0.3,-33.28,75.76,Low
105,CA-2014-ORD58299,04/14/2016,04/15/2016,First Class,CUST-9375,Charlie Brown,Home Office,12345.0,Austin,California,United States,East,USCA,PROD-2686,Office Supplies,Chairs,Product C,3685.64,6,0.1,454.84,136.72,Low
106,CA-2015-ORD48254,04/15/2016,04/16/2016,Second Class,CUST-8731,Charlie Brown,Home Office,23456.0,San Francisco,New York,United States,Central,USCA,PROD-1404,Technology,Tables,Product B,2504.33,8,0.1,616.31,116.98,High
107,CA-2014-ORD69981,04/16/2016,04/17/2016,Second Class,CUST-4952,Charlie Brown,Consumer,,New York,New York,United States,East,USCA,PROD-9065,Furniture,Tables,Product C,1290.79,6,0.0,652.11,107.96,Medium
108,CA-2015-ORD54377,04/17/2016,04/18/2016,Standard Class,CUST-4549,Charlie Brown,Home Office,12345.0,San Francisco,California,United States,West,USCA,PROD-1786,Technology,Phones,Product B,1614.15,1,0.1,-419.74,63.16,Medium
109,CA-2014-ORD32538,04/18/2016,04/19/2016,Same Day,CUST-4185,Bob Johnson,Corporate,12345.0,New York,New York,United States,East,USCA,PROD-2468,Furniture,Chairs,Product B,4734.04,6,0.1,940.26,101.94,Critical
110,CA-2013-ORD25209,04/19/2016,04/20/2016,Standard Class,CUST-4292,Diana Ross,Consumer,23456.0,Austin,Texas,United States,East,USCA,PROD-1953,Furniture,Binders,Product A,2730.43,7,0.3,875.51,93.01,High
111,CA-2016-ORD53191,04/20/2016,04/21/2016,Standard Class,CUST-3732,Diana Ross,Consumer,34567.0,Austin,California,United States,East,USCA,PROD-6098,Technology,Phones,Product A,626.26,6,0.2,87.45,14.65,Low
112,CA-2015-ORD53145,04/21/2016,04/22/2016,Same Day,CUST-4980,Bob Johnson,Consumer,,Chicago,Illinois,United States,Central,USCA,PROD-5738,Office Supplies,Chairs,Product B,1356.34,2,0.1,460.61,197.68,Critical
113,CA-2013-ORD49410,04/22/2016,04/23/2016,Standard Class,CUST-2854,Bob Johnson,Home Office,12345.0,New York,New York,United States,West,USCA,PROD-4691,Office Supplies,Phones,Product B,3405.79,3,0.0,429.03,146.63,Medium
114,CA-2015-ORD12819,04/23/2016,04/24/2016,Second Class,CUST-5077,Charlie Brown,Corporate,,New York,New York,United States,Central,USCA,PROD-3366,Furniture,Chairs,Product A,1602.14,3,0.0,-226.58,168.32,High
115,CA-2016-ORD59074,04/24/2016,04/25/2016,Standard Class,CUST-2299,Bob Johnson,Consumer,23456.0,San Francisco,Texas,United States,East,USCA,PROD-3195,Technology,Chairs,Product B,2155.09,5,0.1,27.92,134.49,Critical
116,CA-2015-ORD81052,04/25/2016,04/26/2016,Second Class,CUST-9694,Charlie Brown,Corporate,,New York,California,United States,East,USCA,PROD-3788,Office Supplies,Phones,Product B,2641.26,2,0.1,213.58,122.88,Low
117,CA-2015-ORD33351,04/26/2016,04/27/2016,Standard Class,CUST-4891,Charlie Brown,Corporate,34567.0,Austin,Illinois,United States,Central,USCA,PROD-1690,Furniture,Tables,Product A,2216.38,9,0.3,802.18,132.95,Low
118,CA-2014-ORD12959,04/27/2016,04/28/2016,First Class,CUST-3687,Alice Smith,Corporate,34567.0,San Francisco,Illinois,United States,Central,USCA,PROD-1270,Technology,Chairs,Product C,1850.78,3,0.1,-82.64,113.32,Low
119,CA-2015-ORD19895,04/28/2016,04/29/2016,First Class,CUST-8295,Charlie Brown,Corporate,23456.0,San Francisco,New York,United States,South,USCA,PROD-5298,Furniture,Binders,Product C,97.66,3,0.2,-346.32,122.37,Medium
120,CA-2016-ORD42752,04/29/2016,04/30/2016,Same Day,CUST-6905,Bob Johnson,Consumer,34567.0,New York,Texas,United States,West,USCA,PROD-2204,Technology,Tables,Product C,1583.54,7,0.1,-478.7,47.44,Low
121,CA-2013-ORD60036,04/30/2016,05/01/2016,Second Class,CUST-2353,Bob Johnson,Corporate,23456.0,Austin,Texas,United States,East,USCA,PROD-6037,Furniture,Binders,Product C,4206.93,5,0.1,-139.55,130.59,Critical
122,CA-2013-ORD51568,05/01/2016,05/02/2016,First Class,CUST-9930,Charlie Brown,Corporate,23456.0,Chicago,New York,United States,South,USCA,PROD-6196,Technology,Phones,Product B,283.22,6,0.2,-82.93,28.65,Low
123,CA-2014-ORD78452,05/02/2016,05/03/2016,Second Class,CUST-6506,Alice Smith,Corporate,,Chicago,Texas,United States,Central,USCA,PROD-5200,Furniture,Tables,Product C,3332.49,3,0.1,-443.74,56.03,Critical
124,CA-2013-ORD10227,05/03/2016,05/04/2016,Second Class,CUST-6894,Diana Ross,Corporate,34567.0,Austin,California,United States,South,USCA,PROD-9757,Furniture,Binders,Product A,3762.95,7,0.1,-194.18,125.81,Critical
125,CA-2014-ORD88675,05/04/2016,05/05/2016,Same Day,CUST-4783,Diana Ross,Corporate,12345.0,San Francisco,Texas,United States,South,USCA,PROD-1997,Furniture,Binders,Product A,3856.09,3,0.2,796.55,42.85,Low
126,CA-2016-ORD88913,05/05/2016,05/06/2016,First Class,CUST-8705,Charlie Brown,Consumer,12345.0,San Francisco,California,United States,East,USCA,PROD-8728,Office Supplies,Phones,Product A,3516.29,6,0.0,-125.41,146.5,Low
127,CA-2013-ORD16224,05/06/2016,05/07/2016,First Class,CUST-5659,Alice Smith,Home Office,,Austin,Illinois,United States,Central,USCA,PROD-8190,Technology,Binders,Product C,3625.38,8,0.0,282.54,115.09,Critical
128,CA-2015-ORD22212,05/07/2016,05/08/2016,Second Class,CUST-1289,Charlie Brown,Home Office,,Austin,Texas,United States,South,USCA,PROD-7069,Office Supplies,Chairs,Product B,2398.94,8,0.1,137.4,193.16,Critical
129,CA-2015-ORD99729,05/08/2016,05/09/2016,Same Day,CUST-9045,Bob Johnson,Corporate,23456.0,New York,Illinois,United States,Central,USCA,PROD-2350,Office Supplies,Binders,Product B,2015.15,5,0.2,366.93,165.02,Low
130,CA-2013-ORD46868,05/09/2016,05/10/2016,Same Day,CUST-9022,Diana Ross,Home Office,,Chicago,California,United States,West,USCA,PROD-3252,Technology,Binders,Product B,3116.75,4,0.0,705.8,181.46,Low
131,CA-2016-ORD37515,05/10/2016,05/11/2016,First Class,CUST-2915,Diana Ross,Corporate,,Austin,Illinois,United States,Central,USCA,PROD-4557,Technology,Binders,Product A,4901.6,6,0.3,-281.09,35.02,High
132,CA-2015-ORD79068,05/11/2016,05/12/2016,Standard Class,CUST-3584,Alice Smith,Consumer,23456.0,Austin,California,United States,East,USCA,PROD-1111,Technology,Tables,Product A,1590.26,3,0.1,-392.14,186.82,Medium
133,CA-2015-ORD92258,05/12/2016,05/13/2016,First Class,CUST-4723,Bob Johnson,Home Office,12345.0,Austin,California,United States,West,USCA,PROD-8348,Furniture,Binders,Product C,4792.28,3,0.1,330.82,190.36,Low
134,CA-2014-ORD10258,05/13/2016,05/14/2016,Second Class,CUST-1384,Charlie Brown,Corporate,34567.0,Austin,New York,United States,West,USCA,PROD-1616,Furniture,Binders,Product A,4150.95,1,0.1,961.41,67.66,High
135,CA-2014-ORD11234,05/14/2016,05/15/2016,First Class,CUST-6937,Alice Smith,Corporate,,San Francisco,Illinois,United States,West,USCA,PROD-4922,Technology,Tables,Product A,2510.89,1,0.2,460.74,134.65,Low
136,CA-2014-ORD36547,05/15/2016,05/16/2016,Same Day,CUST-6009,Charlie Brown,Corporate,12345.0,San Francisco,Illinois,United States,Central,USCA,PROD-1101,Furniture,Tables,Product B,1116.82,9,0.2,-476.65,94.39,Medium
137,CA-2016-ORD53359,05/16/2016,05/17/2016,Standard Class,CUST-5226,Diana Ross,Home Office,,New York,California,United States,East,USCA,PROD-9560,Furniture,Binders,Product C,2540.19,4,0.0,-237.98,109.65,High
138,CA-2016-ORD26537,05/17/2016,05/18/2016,Standard Class,CUST-3833,Bob Johnson,Consumer,,Chicago,California,United States,East,USCA,PROD-4828,Office Supplies,Tables,Product B,3018.25,4,0.3,970.61,157.83,Medium
139,CA-2015-ORD11380,05/18/2016,05/19/2016,Second Class,CUST-8062,Bob Johnson,Home Office,,Austin,New York,United States,West,USCA,PROD-1576,Technology,Binders,Product B,1265.15,2,0.1,-84.61,49.43,High
140,CA-2015-ORD64880,05/19/2016,05/20/2016,First Class,CUST-7540,Bob Johnson,Consumer,23456.0,San Francisco,Texas,United States,West,USCA,PROD-9892,Furniture,Binders,Product C,1347.78,5,0.2,277.84,144.79,High
141,CA-2016-ORD91520,05/20/2016,05/21/2016,Second Class,CUST-6913,Charlie Brown,Consumer,,Austin,New York,United States,Central,USCA,PROD-8728,Furniture,Chairs,Product C,1031.07,1,0.0,257.41,168.3,High
142,CA-2014-ORD39135,05/21/2016,05/22/2016,First Class,CUST-7796,Bob Johnson,Consumer,23456.0,San Francisco,New York,United States,South,USCA,PROD-6403,Office Supplies,Phones,Product C,3850.75,8,0.3,73.71,149.87,Low
143,CA-2016-ORD10197,05/22/2016,05/23/2016,Same Day,CUST-1891,Alice Smith,Corporate,12345.0,San Francisco,New York,United States,South,USCA,PROD-4999,Office Supplies,Phones,Product A,3197.06,6,0.2,514.91,71.68,Medium
144,CA-2015-ORD80154,05/23/2016,05/24/2016,First Class,CUST-2583,Charlie Brown,Home Office,34567.0,New York,Texas,United States,West,USCA,PROD-7114,Technology,Phones,Product B,2278.09,5,0.0,709.25,50.26,Critical
145,CA-2016-ORD77235,05/24/2016,05/25/2016,Same Day,CUST-5609,Bob Johnson,Corporate,12345.0,Chicago,New York,United States,Central,USCA,PROD-6950,Furniture,Phones,Product C,4066.7,3,0.0,544.91,172.16,Medium
146,CA-2013-ORD23171,05/25/2016,05/26/2016,First Class,CUST-6404,Charlie Brown,Consumer,34567.0,Austin,Illinois,United States,East,USCA,PROD-4865,Furniture,Phones,Product A,2331.64,3,0.2,-154.65,62.55,Critical
147,CA-2013-ORD96394,05/26/2016,05/27/2016,Same Day,CUST-8584,Bob Johnson,Consumer,,New York,Texas,United States,West,USCA,PROD-2895,Furniture,Phones,Product A,4935.59,9,0.3,466.08,23.46,Low
148,CA-2016-ORD44196,05/27/2016,05/28/2016,Second Class,CUST-8263,Bob Johnson,Consumer,34567.0,New York,California,United States,East,USCA,PROD-5734,Office Supplies,Phones,Product B,2005.7,6,0.2,534.98,18.64,Medium
149,CA-2016-ORD71213,05/28/2016,05/29/2016,Standard Class,CUST-1984,Charlie Brown,Home Office,12345.0,Chicago,California,United States,Central,USCA,PROD-6431,Technology,Phones,Product A,2980.19,3,0.2,691.08,110.4,Medium
150,CA-2014-ORD71406,05/29/2016,05/30/2016,Standard Class,CUST-1743,Charlie Brown,Consumer,12345.0,Chicago,Texas,United States,Central,USCA,PROD-6323,Technology,Tables,Product B,3090.8,8,0.1,-242.03,73.54,Critical
151,CA-2014-ORD12281,05/30/2016,05/31/2016,Same Day,CUST-7192,Diana Ross,Corporate,12345.0,New York,New York,United States,West,USCA,PROD-1652,Furniture,Tables,Product A,4834.18,5,0.1,-11.06,139.88,High
152,CA-2014-ORD91280,05/31/2016,06/01/2016,Second Class,CUST-6223,Charlie Brown,Corporate,12345.0,New York,New York,United States,Central,USCA,PROD-9128,Office Supplies,Phones,Product B,4007.35,9,0.2,-360.24,127.52,Critical
153,CA-2016-ORD61637,06/01/2016,06/02/2016,First Class,CUST-4198,Diana Ross,Consumer,12345.0,San Francisco,Illinois,United States,West,USCA,PROD-7150,Technology,Tables,Product C,2398.89,3,0.3,873.17,27.79,Medium
154,CA-2014-ORD59397,06/02/2016,06/03/2016,First Class,CUST-4369,Diana Ross,Corporate,23456.0,Austin,Texas,United States,West,USCA,PROD-6073,Furniture,Chairs,Product B,230.61,9,0.1,-375.64,166.28,High
155,CA-2014-ORD40248,06/03/2016,06/04/2016,First Class,CUST-5625,Alice Smith,Corporate,34567.0,San Francisco,California,United States,South,USCA,PROD-8650,Office Supplies,Binders,Product B,4299.17,9,0.2,-464.14,138.36,Critical
156,CA-2013-ORD26475,06/04/2016,06/05/2016,First Class,CUST-3152,Diana Ross,Consumer,23456.0,San Francisco,California,United States,East,USCA,PROD-9337,Furniture,Tables,Product B,2022.6,4,0.2,-128.34,199.22,Critical
157,CA-2015-ORD33847,06/05/2016,06/06/2016,First Class,CUST-1647,Diana Ross,Home Office,12345.0,New York,Texas,United States,East,USCA,PROD-4961,Technology,Binders,Product B,519.33,9,0.0,783.73,106.45,High
158,CA-2016-ORD76723,06/06/2016,06/07/2016,Standard Class,CUST-2700,Bob Johnson,Corporate,23456.0,Chicago,New York,United States,East,USCA,PROD-8909,Office Supplies,Chairs,Product C,1279.5,1,0.0,173.88,69.86,Low
159,CA-2016-ORD95994,06/07/2016,06/08/2016,Second Class,CUST-8457,Diana Ross,Corporate,12345.0,San Francisco,Illinois,United States,Central,USCA,PROD-6372,Furniture,Phones,Product C,3638.44,3,0.3,45.92,75.65,High
160,CA-2016-ORD16529,06/08/2016,06/09/2016,Second Class,CUST-2668,Bob Johnson,Corporate,,Austin,Illinois,United States,Central,USCA,PROD-6343,Office Supplies,Binders,Product C,39.08,8,0.0,251.19,192.69,Medium
161,CA-2013-ORD68328,06/09/2016,06/10/2016,First Class,CUST-7726,Alice Smith,Consumer,12345.0,San Francisco,Illinois,United States,Central,USCA,PROD-7455,Office Supplies,Binders,Product C,4439.9,3,0.1,-466.08,99.81,Low
162,CA-2013-ORD46256,06/10/2016,06/11/2016,Second Class,CUST-1030,Alice Smith,Consumer,23456.0,New York,New York,United States,West,USCA,PROD-3484,Furniture,Chairs,Product A,2286.23,7,0.2,989.71,154.95,Critical
163,CA-2016-ORD72779,06/11/2016,06/12/2016,Second Class,CUST-8412,Diana Ross,Consumer,34567.0,Chicago,Illinois,United States,South,USCA,PROD-2076,Furniture,Phones,Product C,4066.67,5,0.1,-412.65,123.97,Medium
164,CA-2015-ORD94177,06/12/2016,06/13/2016,Standard Class,CUST-3456,Bob Johnson,Corporate,34567.0,New York,Illinois,United States,East,USCA,PROD-4003,Office Supplies,Tables,Product A,4656.35,9,0.1,940.97,178.99,Medium
165,CA-2013-ORD67170,06/13/2016,06/14/2016,Second Class,CUST-1157,Charlie Brown,Corporate,,New York,Illinois,United States,South,USCA,PROD-9623,Technology,Chairs,Product C,546.01,4,0.2,669.48,119.75,Critical
166,CA-2014-ORD23592,06/14/2016,06/15/2016,Standard Class,CUST-8508,Charlie Brown,Corporate,,New York,New York,United States,East,USCA,PROD-3503,Technology,Chairs,Product B,1582.49,4,0.2,998.56,74.04,Low
167,CA-2015-ORD92858,06/15/2016,06/16/2016,Standard Class,CUST-1582,Charlie Brown,Corporate,23456.0,Austin,Texas,United States,South,USCA,PROD-2418,Furniture,Phones,Product C,2555.01,7,0.0,873.8,59.76,Low
168,CA-2013-ORD76906,06/16/2016,06/17/2016,Second Class,CUST-3950,Charlie Brown,Corporate,,Austin,Texas,United States,South,USCA,PROD-4426,Furniture,Tables,Product C,3426.67,5,0.1,-22.35,96.3,Low
169,CA-2016-ORD99868,06/17/2016,06/18/2016,Second Class,CUST-1314,Alice Smith,Home Office,34567.0,New York,Illinois,United States,East,USCA,PROD-4220,Office Supplies,Chairs,Product A,3382.01,4,0.3,-65.15,90.14,Medium
170,CA-2013-ORD28418,06/18/2016,06/19/2016,First Class,CUST-9748,Bob Johnson,Home Office,34567.0,San Francisco,New York,United States,South,USCA,PROD-4519,Furniture,Binders,Product A,569.26,9,0.0,867.97,92.46,High
171,CA-2016-ORD67631,06/19/2016,06/20/2016,Standard Class,CUST-6866,Charlie Brown,Consumer,,Austin,Texas,United States,Central,USCA,PROD-5490,Office Supplies,Phones,Product A,4537.74,7,0.3,549.03,175.98,Critical
172,CA-2013-ORD37215,06/20/2016,06/21/2016,Same Day,CUST-4702,Alice Smith,Corporate,12345.0,Chicago,Texas,United States,East,USCA,PROD-8298,Office Supplies,Tables,Product A,4634.77,6,0.1,-0.81,12.82,Critical
173,CA-2015-ORD44213,06/21/2016,06/22/2016,Same Day,CUST-7982,Diana Ross,Home Office,34567.0,Austin,New York,United States,South,USCA,PROD-5844,Office Supplies,Phones,Product B,2569.37,1,0.2,587.02,117.01,Low
174,CA-2016-ORD40970,06/22/2016,06/23/2016,Standard Class,CUST-6679,Bob Johnson,Corporate,12345.0,Chicago,Texas,United States,West,USCA,PROD-8359,Office Supplies,Chairs,Product A,1692.23,2,0.3,607.75,13.4,Low
175,CA-2014-ORD17420,06/23/2016,06/24/2016,Standard Class,CUST-9017,Diana Ross,Consumer,34567.0,Chicago,New York,United States,Central,USCA,PROD-6765,Technology,Phones,Product C,326.05,3,0.0,688.99,22.42,Medium
176,CA-2014-ORD40808,06/24/2016,06/25/2016,First Class,CUST-8275,Charlie Brown,Home Office,23456.0,Austin,Illinois,United States,West,USCA,PROD-6236,Technology,Binders,Product A,3934.37,6,0.2,-394.64,13.8,High
177,CA-2015-ORD33280,06/25/2016,06/26/2016,Standard Class,CUST-2415,Bob Johnson,Consumer,23456.0,Chicago,Texas,United States,West,USCA,PROD-9950,Office Supplies,Chairs,Product B,2281.41,5,0.1,53.76,88.83,High
178,CA-2013-ORD94421,06/26/2016,06/27/2016,Second Class,CUST-7183,Diana Ross,Consumer,,Austin,California,United States,Central,USCA,PROD-4696,Office Supplies,Chairs,Product B,1132.78,8,0.3,462.21,11.22,Critical
179,CA-2016-ORD12480,06/27/2016,06/28/2016,Same Day,CUST-7064,Bob Johnson,Consumer,12345.0,San Francisco,New York,United States,West,USCA,PROD-4037,Technology,Tables,Product C,4039.89,2,0.0,403.99,162.23,Medium
180,CA-2013-ORD66726,06/28/2016,06/29/2016,Same Day,CUST-3370,Charlie Brown,Consumer,23456.0,Austin,California,United States,East,USCA,PROD-4739,Office Supplies,Binders,Product A,3054.58,4,0.3,956.74,197.6,Low
181,CA-2016-ORD38996,06/29/2016,06/30/2016,Second Class,CUST-3169,Diana Ross,Consumer,,Austin,Illinois,United States,East,USCA,PROD-1662,Office Supplies,Binders,Product C,4261.48,2,0.1,758.24,71.07,Critical
182,CA-2013-ORD22090,06/30/2016,07/01/2016,Same Day,CUST-2479,Charlie Brown,Corporate,,Austin,New York,United States,Central,USCA,PROD-8250,Furniture,Binders,Product B,4339.46,1,0.0,237.09,153.34,Medium
183,CA-2015-ORD26206,07/01/2016,07/02/2016,Standard Class,CUST-2048,Bob Johnson,Consumer,23456.0,San Francisco,California,United States,East,USCA,PROD-2942,Furniture,Chairs,Product B,1147.28,6,0.3,708.53,140.91,Critical
184,CA-2013-ORD30570,07/02/2016,07/03/2016,Standard Class,CUST-7821,Alice Smith,Home Office,23456.0,San Francisco,California,United States,West,USCA,PROD-1332,Office Supplies,Phones,Product C,1203.57,5,0.1,465.21,56.73,Medium
185,CA-2014-ORD99706,07/03/2016,07/04/2016,Same Day,CUST-3853,Diana Ross,Consumer,23456.0,San Francisco,Texas,United States,West,USCA,PROD-6520,Furniture,Binders,Product A,1123.77,8,0.3,626.95,38.96,Low
186,CA-2016-ORD95752,07/04/2016,07/05/2016,First Class,CUST-5640,Charlie Brown,Home Office,,San Francisco,New York,United States,Central,USCA,PROD-3348,Office Supplies,Tables,Product B,3423.65,7,0.1,461.57,15.02,High
187,CA-2016-ORD53295,07/05/2016,07/06/2016,Second Class,CUST-3735,Charlie Brown,Corporate,,Austin,California,United States,West,USCA,PROD-4798,Furniture,Phones,Product C,3936.81,4,0.3,662.06,137.43,Critical
188,CA-2015-ORD66853,07/06/2016,07/07/2016,Standard Class,CUST-3894,Charlie Brown,Home Office,,Chicago,Texas,United States,East,USCA,PROD-3165,Furniture,Phones,Product C,339.39,7,0.2,179.43,17.75,High
189,CA-2016-ORD72084,07/07/2016,07/08/2016,First Class,CUST-5397,Bob Johnson,Consumer,34567.0,Austin,New York,United States,West,USCA,PROD-4230,Office Supplies,Chairs,Product B,2497.55,9,0.1,151.31,133.67,Critical
190,CA-2013-ORD94452,07/08/2016,07/09/2016,Standard Class,CUST-4882,Bob Johnson,Consumer,,Chicago,Illinois,United States,East,USCA,PROD-4988,Technology,Chairs,Product C,4508.22,2,0.2,891.78,70.83,Low
191,CA-2013-ORD26182,07/09/2016,07/10/2016,First Class,CUST-5873,Charlie Brown,Corporate,12345.0,San Francisco,New York,United States,South,USCA,PROD-1713,Technology,Chairs,Product C,4869.86,7,0.0,823.61,15.28,Critical
192,CA-2015-ORD46459,07/10/2016,07/11/2016,Standard Class,CUST-7674,Charlie Brown,Consumer,23456.0,Chicago,Illinois,United States,West,USCA,PROD-8134,Furniture,Chairs,Product C,2000.34,3,0.0,436.4,122.22,High
193,CA-2016-ORD26431,07/11/2016,07/12/2016,First Class,CUST-7151,Alice Smith,Corporate,23456.0,San Francisco,New York,United States,West,USCA,PROD-9878,Office Supplies,Chairs,Product A,4673.08,2,0.2,839.8,179.91,High
194,CA-2013-ORD22102,07/12/2016,07/13/2016,Second Class,CUST-8829,Charlie Brown,Corporate,23456.0,Chicago,Texas,United States,South,USCA,PROD-7852,Office Supplies,Phones,Product B,4891.93,4,0.0,552.99,143.6,Critical
195,CA-2016-ORD12193,07/13/2016,07/14/2016,Second Class,CUST-5472,Bob Johnson,Home Office,23456.0,Chicago,Illinois,United States,West,USCA,PROD-9735,Office Supplies,Phones,Product A,4574.41,4,0.2,171.85,75.95,Medium
196,CA-2013-ORD23116,07/14/2016,07/15/2016,Standard Class,CUST-5616,Diana Ross,Corporate,12345.0,New York,Texas,United States,South,USCA,PROD-1049,Technology,Chairs,Product C,2694.62,2,0.1,698.72,178.82,Critical
197,CA-2014-ORD24474,07/15/2016,07/16/2016,First Class,CUST-1435,Diana Ross,Corporate,23456.0,Chicago,Illinois,United States,West,USCA,PROD-6664,Technology,Binders,Product B,4987.55,3,0.2,-131.58,10.61,Low
198,CA-2015-ORD40586,07/16/2016,07/17/2016,Second Class,CUST-7267,Diana Ross,Corporate,12345.0,San Francisco,Texas,United States,South,USCA,PROD-6347,Furniture,Chairs,Product C,1766.69,1,0.1,-145.23,167.5,Low
199,CA-2016-ORD35707,07/17/2016,07/18/2016,First Class,CUST-3277,Alice Smith,Consumer,12345.0,Austin,Texas,United States,East,USCA,PROD-1671,Office Supplies,Phones,Product B,3973.89,2,0.2,747.93,188.72,Critical
200,CA-2015-ORD35911,07/18/2016,07/19/2016,Second Class,CUST-7476,Bob Johnson,Corporate,12345.0,Chicago,Texas,United States,East,USCA,PROD-5098,Furniture,Phones,Product C,265.87,7,0.0,-157.73,69.44,Critical
201,CA-2013-ORD25809,07/19/2016,07/20/2016,Second Class,CUST-1330,Diana Ross,Corporate,12345.0,Austin,New York,United States,West,USCA,PROD-3489,Technology,Phones,Product A,4551.29,7,0.2,128.17,149.5,High
202,CA-2016-ORD28670,07/20/2016,07/21/2016,Second Class,CUST-7260,Diana Ross,Consumer,12345.0,San Francisco,Texas,United States,East,USCA,PROD-1003,Office Supplies,Phones,Product B,3770.96,4,0.1,890.47,65.56,High
203,CA-2016-ORD66637,07/21/2016,07/22/2016,Standard Class,CUST-9603,Diana Ross,Corporate,,Chicago,New York,United States,South,USCA,PROD-3824,Technology,Chairs,Product A,1924.46,4,0.3,341.84,24.98,Low
204,CA-2014-ORD71539,07/22/2016,07/23/2016,Standard Class,CUST-2008,Charlie Brown,Corporate,,New York,California,United States,Central,USCA,PROD-4436,Office Supplies,Binders,Product A,1819.67,3,0.3,311.37,54.16,Low
205,CA-2014-ORD65399,07/23/2016,07/24/2016,Second Class,CUST-8004,Diana Ross,Home Office,23456.0,Austin,New York,United States,East,USCA,PROD-4084,Technology,Tables,Product A,4456.52,9,0.2,314.99,199.91,Critical
206,CA-2013-ORD59555,07/24/2016,07/25/2016,First Class,CUST-7818,Alice Smith,Corporate,23456.0,New York,California,United States,East,USCA,PROD-9671,Technology,Chairs,Product C,4675.43,4,0.2,730.7,168.3,Medium
207,CA-2013-ORD22852,07/25/2016,07/26/2016,First Class,CUST-5654,Alice Smith,Corporate,34567.0,Chicago,California,United States,East,USCA,PROD-5210,Technology,Phones,Product A,4474.24,5,0.3,-491.45,14.74,High
208,CA-2015-ORD15734,07/26/2016,07/27/2016,Second Class,CUST-5005,Bob Johnson,Corporate,34567.0,Chicago,Texas,United States,West,USCA,PROD-4225,Technology,Binders,Product B,4749.2,9,0.0,148.43,189.84,Low
209,CA-2013-ORD27285,07/27/2016,07/28/2016,First Class,CUST-5995,Diana Ross,Corporate,12345.0,San Francisco,Texas,United States,South,USCA,PROD-3363,Furniture,Chairs,Product B,4629.06,2,0.3,841.58,163.39,Low
210,CA-2016-ORD18726,07/28/2016,07/29/2016,Same Day,CUST-8794,Charlie Brown,Consumer,12345.0,New York,Illinois,United States,East,USCA,PROD-9730,Office Supplies,Chairs,Product A,1449.98,3,0.3,540.36,41.52,Medium
211,CA-2015-ORD98043,07/29/2016,07/30/2016,Second Class,CUST-1390,Diana Ross,Home Office,23456.0,Austin,New York,United States,East,USCA,PROD-9927,Technology,Binders,Product B,4603.15,1,0.3,666.44,28.94,Low
212,CA-2014-ORD15182,07/30/2016,07/31/2016,Same Day,CUST-6966,Bob Johnson,Corporate,23456.0,New York,California,United States,East,USCA,PROD-4601,Technology,Phones,Product C,1844.7,7,0.3,-124.59,79.46,Low
213,CA-2013-ORD57732,07/31/2016,08/01/2016,Same Day,CUST-5479,Charlie Brown,Home Office,34567.0,Austin,Illinois,United States,Central,USCA,PROD-6212,Furniture,Phones,Product B,4856.05,7,0.2,277.69,60.68,Low
214,CA-2015-ORD13993,08/01/2016,08/02/2016,Same Day,CUST-5480,Alice Smith,Consumer,34567.0,New York,New York,United States,South,USCA,PROD-1348,Furniture,Phones,Product C,3299.79,8,0.1,936.28,92.56,High
215,CA-2015-ORD16926,08/02/2016,08/03/2016,Same Day,CUST-3472,Bob Johnson,Consumer,34567.0,Chicago,New York,United States,South,USCA,PROD-9109,Technology,Tables,Product B,3057.87,5,0.2,-69.29,23.8,High
216,CA-2014-ORD81511,08/03/2016,08/04/2016,Standard Class,CUST-6249,Charlie Brown,Consumer,,Austin,California,United States,East,USCA,PROD-7925,Furniture,Tables,Product B,319.67,5,0.3,-296.21,132.46,Low
217,CA-2016-ORD71739,08/04/2016,08/05/2016,Same Day,CUST-9072,Bob Johnson,Consumer,23456.0,Chicago,New York,United States,Central,USCA,PROD-8675,Technology,Phones,Product B,4414.14,3,0.0,483.5,163.63,Medium
218,CA-2016-ORD83019,08/05/2016,08/06/2016,First Class,CUST-9678,Alice Smith,Consumer,23456.0,Austin,Illinois,United States,East,USCA,PROD-4106,Office Supplies,Tables,Product A,3776.17,5,0.1,395.25,163.78,Medium
219,CA-2015-ORD43805,08/06/2016,08/07/2016,Standard Class,CUST-1926,Diana Ross,Consumer,,New York,New York,United States,Central,USCA,PROD-7951,Furniture,Binders,Product A,4387.1,3,0.1,547.67,88.8,High
220,CA-2014-ORD39283,08/07/2016,08/08/2016,First Class,CUST-2254,Charlie Brown,Home Office,34567.0,Austin,Illinois,United States,East,USCA,PROD-4670,Technology,Phones,Product A,4262.01,1,0.0,112.63,43.15,Critical
221,CA-2015-ORD58409,08/08/2016,08/09/2016,Second Class,CUST-6792,Alice Smith,Corporate,34567.0,New York,California,United States,South,USCA,PROD-9971,Technology,Binders,Product B,2976.22,5,0.1,-63.46,168.43,Medium
222,CA-2016-ORD85829,08/09/2016,08/10/2016,Standard Class,CUST-6362,Alice Smith,Home Office,12345.0,Chicago,New York,United States,South,USCA,PROD-9917,Furniture,Tables,Product C,2338.1,1,0.3,262.64,21.09,Low
223,CA-2016-ORD66055,08/10/2016,08/11/2016,Standard Class,CUST-6686,Bob Johnson,Corporate,34567.0,Chicago,New York,United States,Central,USCA,PROD-3547,Furniture,Tables,Product A,3799.72,2,0.0,234.39,23.84,Low
224,CA-2013-ORD32010,08/11/2016,08/12/2016,Second Class,CUST-1937,Diana Ross,Home Office,23456.0,Austin,Illinois,United States,West,USCA,PROD-5917,Furniture,Tables,Product B,989.25,5,0.0,695.24,120.82,Medium
225,CA-2014-ORD73041,08/12/2016,08/13/2016,Second Class,CUST-3414,Bob Johnson,Corporate,,San Francisco,New York,United States,East,USCA,PROD-8739,Furniture,Chairs,Product A,970.97,8,0.1,864.32,140.53,Medium
226,CA-2015-ORD62612,08/13/2016,08/14/2016,Standard Class,CUST-9611,Alice Smith,Consumer,23456.0,San Francisco,Illinois,United States,Central,USCA,PROD-4940,Office Supplies,Chairs,Product B,4618.22,1,0.2,558.0,29.86,Critical
227,CA-2014-ORD56921,08/14/2016,08/15/2016,Standard Class,CUST-4633,Bob Johnson,Corporate,23456.0,Chicago,New York,United States,West,USCA,PROD-1136,Technology,Phones,Product C,4081.32,1,0.2,553.08,152.98,Low
228,CA-2014-ORD99462,08/15/2016,08/16/2016,First Class,CUST-3946,Diana Ross,Consumer,12345.0,San Francisco,California,United States,South,USCA,PROD-5373,Furniture,Chairs,Product A,1524.85,7,0.3,250.28,94.35,High
229,CA-2015-ORD28319,08/16/2016,08/17/2016,Same Day,CUST-9017,Diana Ross,Corporate,,Chicago,Texas,United States,East,USCA,PROD-4438,Office Supplies,Tables,Product A,1413.66,5,0.1,500.76,198.9,Critical
230,CA-2013-ORD91397,08/17/2016,08/18/2016,Same Day,CUST-9772,Bob Johnson,Home Office,,San Francisco,New York,United States,Central,USCA,PROD-1560,Furniture,Phones,Product C,2080.66,5,0.3,-69.14,191.75,Medium
231,CA-2015-ORD82127,08/18/2016,08/19/2016,First Class,CUST-2829,Alice Smith,Home Office,23456.0,Chicago,Texas,United States,West,USCA,PROD-2723,Furniture,Chairs,Product B,500.74,2,0.0,-178.93,84.32,Low
232,CA-2016-ORD54002,08/19/2016,08/20/2016,Same Day,CUST-1743,Alice Smith,Home Office,23456.0,Austin,California,United States,West,USCA,PROD-3519,Furniture,Tables,Product A,1106.88,2,0.3,572.95,58.9,High
233,CA-2016-ORD45145,08/20/2016,08/21/2016,Same Day,CUST-5187,Diana Ross,Home Office,,New York,California,United States,Central,USCA,PROD-2311,Technology,Tables,Product C,301.58,9,0.3,563.71,182.5,Low
234,CA-2013-ORD95116,08/21/2016,08/22/2016,Standard Class,CUST-1834,Bob Johnson,Consumer,23456.0,San Francisco,California,United States,Central,USCA,PROD-1362,Technology,Phones,Product B,1109.26,5,0.1,615.92,5.99,Critical
235,CA-2014-ORD82660,08/22/2016,08/23/2016,Standard Class,CUST-7873,Alice Smith,Corporate,23456.0,Austin,Texas,United States,South,USCA,PROD-2780,Office Supplies,Chairs,Product C,2987.53,2,0.0,27.42,90.42,Medium
236,CA-2015-ORD61559,08/23/2016,08/24/2016,Standard Class,CUST-1488,Bob Johnson,Home Office,,Austin,California,United States,South,USCA,PROD-4430,Office Supplies,Chairs,Product C,793.07,4,0.1,513.1,44.44,Critical
237,CA-2014-ORD68735,08/24/2016,08/25/2016,Same Day,CUST-7995,Charlie Brown,Corporate,23456.0,San Francisco,New York,United States,West,USCA,PROD-7147,Furniture,Chairs,Product C,899.59,6,0.1,816.4,13.96,High
238,CA-2013-ORD84400,08/25/2016,08/26/2016,Standard Class,CUST-2143,Alice Smith,Home Office,12345.0,San Francisco,Illinois,United States,West,USCA,PROD-1011,Furniture,Tables,Product C,1099.15,3,0.1,-464.16,109.21,Low
239,CA-2013-ORD88855,08/26/2016,08/27/2016,Second Class,CUST-2760,Alice Smith,Home Office,23456.0,Austin,New York,United States,West,USCA,PROD-3520,Furniture,Chairs,Product A,3941.79,2,0.1,490.18,180.55,Low
240,CA-2014-ORD10114,08/27/2016,08/28/2016,Second Class,CUST-3167,Charlie Brown,Consumer,23456.0,New York,New York,United States,West,USCA,PROD-1135,Technology,Binders,Product A,4266.53,9,0.3,354.7,184.64,Medium
241,CA-2013-ORD48908,08/28/2016,08/29/2016,Second Class,CUST-2021,Diana Ross,Corporate,34567.0,New York,Illinois,United States,South,USCA,PROD-6748,Furniture,Tables,Product B,4703.88,6,0.2,458.92,7.07,High
242,CA-2013-ORD17017,08/29/2016,08/30/2016,Same Day,CUST-4554,Bob Johnson,Corporate,12345.0,Chicago,New York,United States,West,USCA,PROD-2351,Furniture,Chairs,Product B,1522.32,7,0.0,936.74,42.08,Critical
243,CA-2013-ORD69230,08/30/2016,08/31/2016,Standard Class,CUST-5122,Alice Smith,Home Office,34567.0,San Francisco,Illinois,United States,South,USCA,PROD-8465,Furniture,Tables,Product A,4799.52,9,0.1,523.75,118.17,High
244,CA-2014-ORD64272,08/31/2016,09/01/2016,Same Day,CUST-4781,Bob Johnson,Home Office,,San Francisco,Texas,United States,East,USCA,PROD-9837,Office Supplies,Phones,Product A,2975.98,2,0.0,-448.33,81.97,High
245,CA-2016-ORD30179,09/01/2016,09/02/2016,First Class,CUST-5065,Bob Johnson,Home Office,34567.0,San Francisco,Texas,United States,West,USCA,PROD-7198,Technology,Tables,Product A,1182.33,8,0.0,803.68,47.53,Critical
246,CA-2014-ORD68319,09/02/2016,09/03/2016,Standard Class,CUST-1422,Charlie Brown,Home Office,12345.0,San Francisco,Texas,United States,West,USCA,PROD-1354,Furniture,Phones,Product B,2488.95,6,0.3,422.45,29.09,Critical
247,CA-2013-ORD61012,09/03/2016,09/04/2016,Same Day,CUST-5618,Charlie Brown,Corporate,34567.0,New York,New York,United States,East,USCA,PROD-8731,Technology,Phones,Product A,1390.8,2,0.1,430.27,197.82,Low
248,CA-2015-ORD70580,09/04/2016,09/05/2016,Standard Class,CUST-9380,Bob Johnson,Home Office,12345.0,San Francisco,New York,United States,South,USCA,PROD-2854,Technology,Tables,Product A,1179.67,6,0.2,-495.49,79.02,Medium
249,CA-2015-ORD95229,09/05/2016,09/06/2016,First Class,CUST-7873,Alice Smith,Consumer,12345.0,Chicago,Illinois,United States,West,USCA,PROD-9933,Office Supplies,Phones,Product A,2364.41,7,0.3,-476.39,73.44,Medium
250,CA-2016-ORD57206,09/06/2016,09/07/2016,Second Class,CUST-3457,Alice Smith,Home Office,23456.0,San Francisco,Texas,United States,Central,USCA,PROD-6875,Furniture,Phones,Product A,85.57,9,0.0,-211.91,195.46,Medium
251,CA-2013-ORD58311,09/07/2016,09/08/2016,Same Day,CUST-7793,Charlie Brown,Home Office,,Chicago,Texas,United States,West,USCA,PROD-3340,Office Supplies,Phones,Product B,1660.65,4,0.0,124.13,36.72,High
252,CA-2014-ORD78144,09/08/2016,09/09/2016,Standard Class,CUST-8072,Bob Johnson,Corporate,23456.0,Chicago,Illinois,United States,West,USCA,PROD-1404,Technology,Phones,Product C,4404.63,6,0.3,755.66,19.15,High
253,CA-2014-ORD64562,09/09/2016,09/10/2016,Standard Class,CUST-4747,Diana Ross,Corporate,12345.0,Chicago,Illinois,United States,West,USCA,PROD-5877,Technology,Chairs,Product B,3643.81,4,0.2,180.09,6.52,Medium
254,CA-2013-ORD86504,09/10/2016,09/11/2016,Same Day,CUST-9780,Bob Johnson,Consumer,23456.0,Austin,California,United States,West,USCA,PROD-5503,Office Supplies,Phones,Product C,4070.83,6,0.0,550.16,25.31,Medium
255,CA-2016-ORD39103,09/11/2016,09/12/2016,Same Day,CUST-3260,Alice Smith,Home Office,34567.0,Austin,California,United States,South,USCA,PROD-4175,Office Supplies,Tables,Product C,552.05,4,0.0,100.61,160.51,High
256,CA-2016-ORD57293,09/12/2016,09/13/2016,Standard Class,CUST-6128,Bob Johnson,Consumer,34567.0,Chicago,California,United States,South,USCA,PROD-1892,Furniture,Phones,Product C,4885.19,6,0.1,399.63,72.33,Low
257,CA-2015-ORD59124,09/13/2016,09/14/2016,Same Day,CUST-5647,Bob Johnson,Home Office,34567.0,Chicago,New York,United States,South,USCA,PROD-4411,Office Supplies,Binders,Product A,1990.92,2,0.1,-351.41,74.94,Low
258,CA-2014-ORD64730,09/14/2016,09/15/2016,First Class,CUST-7025,Bob Johnson,Corporate,12345.0,New York,California,United States,Central,USCA,PROD-2449,Technology,Tables,Product B,2342.44,1,0.0,996.57,35.78,Low
259,CA-2014-ORD42902,09/15/2016,09/16/2016,Standard Class,CUST-2641,Bob Johnson,Consumer,12345.0,San Francisco,Illinois,United States,West,USCA,PROD-8997,Office Supplies,Binders,Product A,2697.14,2,0.0,421.7,166.16,Medium
260,CA-2015-ORD32857,09/16/2016,09/17/2016,Same Day,CUST-4353,Alice Smith,Consumer,34567.0,Austin,Texas,United States,South,USCA,PROD-6914,Office Supplies,Tables,Product C,3833.02,2,0.2,38.44,191.57,Low
261,CA-2014-ORD78988,09/17/2016,09/18/2016,Second Class,CUST-9780,Bob Johnson,Corporate,,New York,Illinois,United States,East,USCA,PROD-9013,Office Supplies,Tables,Product B,3246.47,3,0.3,-147.08,198.12,High
262,CA-2014-ORD47562,09/18/2016,09/19/2016,Same Day,CUST-6730,Alice Smith,Corporate,12345.0,New York,Texas,United States,West,USCA,PROD-4035,Furniture,Chairs,Product C,1042.23,7,0.2,-499.79,141.85,Low
263,CA-2016-ORD28459,09/19/2016,09/20/2016,Same Day,CUST-8015,Diana Ross,Corporate,12345.0,New York,Texas,United States,South,USCA,PROD-5051,Office Supplies,Binders,Product A,3358.71,8,0.2,-3.22,52.94,High
264,CA-2016-ORD62168,09/20/2016,09/21/2016,Second Class,CUST-6900,Charlie Brown,Consumer,34567.0,Chicago,California,United States,South,USCA,PROD-4838,Furniture,Chairs,Product A,87.45,8,0.3,-38.94,18.8,Low
265,CA-2015-ORD90926,09/21/2016,09/22/2016,First Class,CUST-2350,Diana Ross,Home Office,12345.0,Chicago,New York,United States,West,USCA,PROD-3805,Office Supplies,Phones,Product C,2816.53,8,0.3,179.58,109.07,Critical
266,CA-2015-ORD70004,09/22/2016,09/23/2016,First Class,CUST-5641,Charlie Brown,Consumer,,San Francisco,New York,United States,West,USCA,PROD-2124,Office Supplies,Chairs,Product B,1549.59,9,0.2,203.21,109.91,High
267,CA-2013-ORD82466,09/23/2016,09/24/2016,First Class,CUST-1427,Alice Smith,Consumer,12345.0,Chicago,Texas,United States,West,USCA,PROD-8671,Technology,Phones,Product C,3966.38,1,0.3,850.65,128.02,Medium
268,CA-2016-ORD47098,09/24/2016,09/25/2016,Second Class,CUST-8022,Diana Ross,Home Office,23456.0,Chicago,California,United States,Central,USCA,PROD-3976,Office Supplies,Tables,Product B,4710.3,8,0.1,621.22,97.26,Low
269,CA-2014-ORD67304,09/25/2016,09/26/2016,Second Class,CUST-4617,Diana Ross,Home Office,12345.0,Chicago,Texas,United States,West,USCA,PROD-5672,Technology,Phones,Product C,2288.85,2,0.2,-268.61,146.77,Low
270,CA-2014-ORD43070,09/26/2016,09/27/2016,Second Class,CUST-2071,Charlie Brown,Corporate,23456.0,San Francisco,California,United States,West,USCA,PROD-8024,Furniture,Phones,Product A,1388.11,5,0.0,947.61,82.16,High
271,CA-2013-ORD57515,09/27/2016,09/28/2016,Standard Class,CUST-1536,Alice Smith,Consumer,,New York,New York,United States,West,USCA,PROD-6620,Furniture,Binders,Product B,530.62,3,0.3,102.86,30.9,Medium
272,CA-2016-ORD73384,09/28/2016,09/29/2016,First Class,CUST-2116,Diana Ross,Home Office,23456.0,New York,Texas,United States,West,USCA,PROD-7673,Furniture,Tables,Product B,3191.13,2,0.1,-337.7,142.66,Low
273,CA-2013-ORD29601,09/29/2016,09/30/2016,First Class,CUST-5775,Bob Johnson,Consumer,,Chicago,Illinois,United States,West,USCA,PROD-1404,Technology,Chairs,Product B,4491.34,7,0.0,661.56,115.42,Low
274,CA-2015-ORD61423,09/30/2016,10/01/2016,Second Class,CUST-9544,Diana Ross,Consumer,12345.0,Chicago,Texas,United States,Central,USCA,PROD-3346,Office Supplies,Tables,Product B,3632.88,3,0.2,-364.9,64.94,Low
275,CA-2016-ORD99197,10/01/2016,10/02/2016,Standard Class,CUST-3251,Charlie Brown,Consumer,,San Francisco,Texas,United States,West,USCA,PROD-4878,Office Supplies,Phones,Product C,742.71,8,0.3,579.11,173.26,Medium
276,CA-2014-ORD17918,10/02/2016,10/03/2016,Second Class,CUST-4702,Diana Ross,Corporate,23456.0,New York,Illinois,United States,East,USCA,PROD-4481,Technology,Chairs,Product B,3558.59,6,0.2,628.65,150.36,Low
277,CA-2013-ORD90869,10/03/2016,10/04/2016,Second Class,CUST-9836,Bob Johnson,Consumer,34567.0,Chicago,California,United States,East,USCA,PROD-4605,Technology,Chairs,Product B,4724.47,8,0.2,525.28,50.32,Critical
278,CA-2014-ORD46997,10/04/2016,10/05/2016,Standard Class,CUST-9170,Bob Johnson,Corporate,12345.0,New York,Texas,United States,South,USCA,PROD-9591,Furniture,Chairs,Product C,4572.8,1,0.2,-131.67,89.33,Low
279,CA-2016-ORD52211,10/05/2016,10/06/2016,First Class,CUST-7639,Charlie Brown,Corporate,12345.0,San Francisco,Illinois,United States,West,USCA,PROD-6364,Furniture,Tables,Product A,2366.37,9,0.3,226.9,107.73,High
280,CA-2013-ORD73737,10/06/2016,10/07/2016,Second Class,CUST-8480,Diana Ross,Home Office,34567.0,Chicago,Texas,United States,South,USCA,PROD-2528,Technology,Tables,Product B,4597.44,3,0.2,34.09,159.11,Critical
281,CA-2015-ORD94068,10/07/2016,10/08/2016,Same Day,CUST-9451,Charlie Brown,Corporate,34567.0,San Francisco,Illinois,United States,South,USCA,PROD-6314,Furniture,Binders,Product C,44.92,3,0.3,-143.46,192.24,Medium
282,CA-2014-ORD33351,10/08/2016,10/09/2016,Second Class,CUST-6421,Alice Smith,Home Office,23456.0,San Francisco,Illinois,United States,South,USCA,PROD-1060,Technology,Chairs,Product B,2450.42,4,0.2,877.62,65.86,Low
283,CA-2013-ORD61582,10/09/2016,10/10/2016,First Class,CUST-6693,Diana Ross,Corporate,34567.0,Austin,California,United States,South,USCA,PROD-7995,Technology,Phones,Product A,1635.14,3,0.2,172.04,86.54,Critical
284,CA-2016-ORD38403,10/10/2016,10/11/2016,Same Day,CUST-8633,Bob Johnson,Home Office,,Austin,California,United States,East,USCA,PROD-5794,Furniture,Phones,Product B,2988.99,6,0.2,717.3,42.82,Critical
285,CA-2014-ORD28739,10/11/2016,10/12/2016,First Class,CUST-2184,Alice Smith,Corporate,12345.0,San Francisco,New York,United States,East,USCA,PROD-4911,Furniture,Tables,Product B,3260.27,6,0.0,367.1,28.95,Critical
286,CA-2015-ORD70095,10/12/2016,10/13/2016,Same Day,CUST-1680,Charlie Brown,Consumer,34567.0,San Francisco,New York,United States,Central,USCA,PROD-9622,Technology,Phones,Product B,676.22,5,0.2,524.99,167.26,High
287,CA-2015-ORD34289,10/13/2016,10/14/2016,First Class,CUST-5724,Alice Smith,Home Office,23456.0,New York,Texas,United States,West,USCA,PROD-5879,Furniture,Phones,Product A,4608.14,3,0.3,-435.17,111.44,Critical
288,CA-2013-ORD55999,10/14/2016,10/15/2016,Second Class,CUST-1311,Alice Smith,Consumer,12345.0,San Francisco,California,United States,West,USCA,PROD-1193,Furniture,Phones,Product C,2007.2,9,0.2,787.53,121.13,Critical
289,CA-2016-ORD55596,10/15/2016,10/16/2016,Second Class,CUST-3229,Alice Smith,Home Office,12345.0,New York,New York,United States,Central,USCA,PROD-2558,Office Supplies,Tables,Product B,4722.31,1,0.1,248.59,78.79,High
290,CA-2015-ORD99133,10/16/2016,10/17/2016,Standard Class,CUST-7988,Diana Ross,Consumer,12345.0,Chicago,California,United States,Central,USCA,PROD-3522,Office Supplies,Binders,Product B,2202.5,9,0.2,955.38,15.26,Critical
291,CA-2015-ORD38313,10/17/2016,10/18/2016,Second Class,CUST-3041,Bob Johnson,Corporate,,San Francisco,Texas,United States,West,USCA,PROD-6594,Office Supplies,Tables,Product C,153.24,6,0.1,-272.39,50.78,Low
292,CA-2013-ORD32483,10/18/2016,10/19/2016,First Class,CUST-4692,Charlie Brown,Consumer,12345.0,New York,Texas,United States,East,USCA,PROD-1979,Technology,Phones,Product A,1268.29,7,0.0,891.46,125.7,High
293,CA-2015-ORD95982,10/19/2016,10/20/2016,Same Day,CUST-4045,Diana Ross,Consumer,,Austin,California,United States,Central,USCA,PROD-3760,Furniture,Chairs,Product B,1753.75,9,0.2,450.06,177.75,High
294,CA-2014-ORD21102,10/20/2016,10/21/2016,Second Class,CUST-9797,Charlie Brown,Corporate,34567.0,New York,Illinois,United States,East,USCA,PROD-5496,Technology,Chairs,Product B,4060.7,4,0.2,-161.72,124.98,Medium
295,CA-2015-ORD97364,10/21/2016,10/22/2016,Second Class,CUST-4383,Charlie Brown,Home Office,34567.0,New York,New York,United States,South,USCA,PROD-8777,Technology,Tables,Product B,1152.87,7,0.3,401.57,71.04,Critical
296,CA-2014-ORD36517,10/22/2016,10/23/2016,First Class,CUST-6779,Bob Johnson,Home Office,23456.0,New York,California,United States,South,USCA,PROD-6403,Furniture,Chairs,Product B,4396.77,1,0.1,301.66,12.89,Medium
297,CA-2014-ORD84227,10/23/2016,10/24/2016,Same Day,CUST-5889,Charlie Brown,Consumer,,Austin,New York,United States,East,USCA,PROD-4497,Furniture,Phones,Product C,4739.7,3,0.2,-67.3,116.33,Critical
298,CA-2016-ORD14953,10/24/2016,10/25/2016,First Class,CUST-6611,Alice Smith,Home Office,,Austin,California,United States,South,USCA,PROD-5390,Furniture,Phones,Product B,2994.63,1,0.1,-28.95,154.18,High
299,CA-2013-ORD20072,10/25/2016,10/26/2016,Same Day,CUST-3590,Diana Ross,Home Office,,Austin,Texas,United States,South,USCA,PROD-5978,Office Supplies,Binders,Product A,3823.61,2,0.1,908.01,97.12,Low
300,CA-2015-ORD88297,10/26/2016,10/27/2016,Same Day,CUST-8672,Charlie Brown,Consumer,,Chicago,Texas,United States,Central,USCA,PROD-3264,Technology,Chairs,Product A,2037.6,1,0.0,630.17,151.61,Critical
301,CA-2013-ORD12194,10/27/2016,10/28/2016,Same Day,CUST-6149,Alice Smith,Consumer,34567.0,San Francisco,Texas,United States,Central,USCA,PROD-8982,Furniture,Chairs,Product C,2763.44,3,0.0,268.67,159.45,High
302,CA-2015-ORD60332,10/28/2016,10/29/2016,Same Day,CUST-7621,Alice Smith,Consumer,12345.0,Austin,California,United States,West,USCA,PROD-9266,Furniture,Phones,Product A,1316.05,3,0.0,927.91,30.55,Medium
303,CA-2015-ORD90659,10/29/2016,10/30/2016,Same Day,CUST-1196,Bob Johnson,Corporate,34567.0,San Francisco,Illinois,United States,West,USCA,PROD-5529,Furniture,Phones,Product B,1801.48,4,0.2,765.88,93.44,Medium
304,CA-2014-ORD75421,10/30/2016,10/31/2016,Same Day,CUST-9858,Bob Johnson,Home Office,12345.0,Austin,New York,United States,West,USCA,PROD-7880,Office Supplies,Chairs,Product C,3209.54,4,0.3,629.48,41.62,High
305,CA-2016-ORD22124,10/31/2016,11/01/2016,First Class,CUST-6755,Alice Smith,Consumer,,Chicago,Illinois,United States,Central,USCA,PROD-5119,Office Supplies,Binders,Product A,2614.01,2,0.3,-459.46,71.0,Low
306,CA-2015-ORD79873,11/01/2016,11/02/2016,Standard Class,CUST-8597,Alice Smith,Home Office,23456.0,San Francisco,Illinois,United States,Central,USCA,PROD-8466,Furniture,Phones,Product A,3394.74,7,0.3,378.93,108.98,Medium
307,CA-2014-ORD97563,11/02/2016,11/03/2016,Same Day,CUST-2575,Diana Ross,Corporate,23456.0,San Francisco,Illinois,United States,East,USCA,PROD-6271,Technology,Chairs,Product B,3842.92,5,0.3,-91.34,14.12,Critical
308,CA-2016-ORD54130,11/03/2016,11/04/2016,First Class,CUST-1115,Charlie Brown,Home Office,12345.0,Austin,Texas,United States,East,USCA,PROD-9712,Furniture,Binders,Product B,470.45,1,0.1,403.22,151.96,Medium
309,CA-2015-ORD35220,11/04/2016,11/05/2016,Standard Class,CUST-4310,Charlie Brown,Corporate,,Chicago,California,United States,Central,USCA,PROD-8187,Office Supplies,Chairs,Product B,1445.2,4,0.1,-252.26,16.37,High
310,CA-2013-ORD46633,11/05/2016,11/06/2016,Second Class,CUST-2237,Bob Johnson,Home Office,23456.0,Austin,Illinois,United States,East,USCA,PROD-2717,Office Supplies,Tables,Product C,3372.19,3,0.3,396.72,90.48,High
311,CA-2013-ORD94641,11/06/2016,11/07/2016,Standard Class,CUST-9057,Alice Smith,Consumer,12345.0,Chicago,Texas,United States,South,USCA,PROD-4302,Furniture,Tables,Product B,20.7,1,0.0,998.57,145.9,Low
312,CA-2014-ORD18261,11/07/2016,11/08/2016,Second Class,CUST-6565,Diana Ross,Home Office,12345.0,Austin,Texas,United States,Central,USCA,PROD-7302,Furniture,Tables,Product A,3967.45,9,0.2,749.42,73.29,High
313,CA-2016-ORD88188,11/08/2016,11/09/2016,Second Class,CUST-8717,Bob Johnson,Corporate,34567.0,Chicago,New York,United States,West,USCA,PROD-1466,Technology,Phones,Product A,1405.38,6,0.0,52.81,148.83,Critical
314,CA-2014-ORD24572,11/09/2016,11/10/2016,Standard Class,CUST-6223,Diana Ross,Corporate,,New York,Texas,United States,South,USCA,PROD-8798,Office Supplies,Binders,Product A,4352.14,2,0.0,347.78,48.63,Medium
315,CA-2016-ORD82393,11/10/2016,11/11/2016,Second Class,CUST-8154,Bob Johnson,Home Office,12345.0,Austin,Illinois,United States,South,USCA,PROD-7091,Office Supplies,Tables,Product A,4639.88,3,0.0,133.28,158.37,Critical
316,CA-2013-ORD74076,11/11/2016,11/12/2016,First Class,CUST-7932,Charlie Brown,Corporate,23456.0,Chicago,Illinois,United States,East,USCA,PROD-1667,Furniture,Binders,Product C,4365.12,9,0.3,-349.42,40.84,High
317,CA-2016-ORD48098,11/12/2016,11/13/2016,Second Class,CUST-8109,Charlie Brown,Consumer,,Chicago,California,United States,Central,USCA,PROD-3373,Technology,Binders,Product A,71.96,4,0.3,824.81,124.1,Low
318,CA-2013-ORD63588,11/13/2016,11/14/2016,First Class,CUST-4835,Alice Smith,Consumer,12345.0,New York,Texas,United States,East,USCA,PROD-5106,Office Supplies,Tables,Product B,4315.91,1,0.1,-302.81,69.3,Low
319,CA-2016-ORD81906,11/14/2016,11/15/2016,Second Class,CUST-9967,Bob Johnson,Home Office,12345.0,San Francisco,California,United States,West,USCA,PROD-3561,Furniture,Chairs,Product C,973.27,2,0.3,647.49,128.2,Critical
320,CA-2016-ORD40450,11/15/2016,11/16/2016,Same Day,CUST-8846,Diana Ross,Corporate,23456.0,New York,Illinois,United States,South,USCA,PROD-4285,Office Supplies,Binders,Product B,4979.76,6,0.1,557.52,129.8,Critical
321,CA-2016-ORD78690,11/16/2016,11/17/2016,Standard Class,CUST-3261,Bob Johnson,Corporate,34567.0,Austin,Illinois,United States,South,USCA,PROD-7591,Technology,Chairs,Product C,3896.3,6,0.2,934.64,19.3,Low
322,CA-2015-ORD20963,11/17/2016,11/18/2016,First Class,CUST-8138,Bob Johnson,Corporate,23456.0,New York,New York,United States,South,USCA,PROD-8645,Technology,Phones,Product C,4771.39,5,0.3,598.82,146.2,Low
323,CA-2013-ORD89644,11/18/2016,11/19/2016,Second Class,CUST-9435,Alice Smith,Corporate,23456.0,Chicago,Illinois,United States,West,USCA,PROD-6496,Office Supplies,Phones,Product A,232.74,2,0.2,-182.74,167.66,Medium
324,CA-2013-ORD55320,11/19/2016,11/20/2016,First Class,CUST-9499,Diana Ross,Consumer,34567.0,Chicago,Texas,United States,East,USCA,PROD-8342,Technology,Tables,Product C,3849.45,4,0.3,777.44,150.85,Critical
325,CA-2016-ORD83763,11/20/2016,11/21/2016,Second Class,CUST-2459,Bob Johnson,Home Office,12345.0,New York,Illinois,United States,West,USCA,PROD-8476,Office Supplies,Phones,Product A,302.5,5,0.2,754.17,37.07,Critical
326,CA-2014-ORD14398,11/21/2016,11/22/2016,Same Day,CUST-1251,Bob Johnson,Consumer,23456.0,Chicago,New York,United States,East,USCA,PROD-4383,Technology,Tables,Product A,166.76,3,0.1,333.25,173.96,High
327,CA-2013-ORD63477,11/22/2016,11/23/2016,Same Day,CUST-1769,Charlie Brown,Home Office,34567.0,Chicago,California,United States,Central,USCA,PROD-7840,Office Supplies,Tables,Product C,399.33,7,0.2,334.03,164.77,Low
328,CA-2013-ORD70199,11/23/2016,11/24/2016,Second Class,CUST-6990,Alice Smith,Consumer,23456.0,San Francisco,New York,United States,East,USCA,PROD-8034,Technology,Phones,Product C,1567.93,5,0.1,853.9,106.77,Critical
329,CA-2013-ORD44799,11/24/2016,11/25/2016,Standard Class,CUST-1114,Alice Smith,Corporate,34567.0,Chicago,Illinois,United States,East,USCA,PROD-2754,Office Supplies,Tables,Product B,4399.93,1,0.2,-245.88,18.31,High
330,CA-2016-ORD76895,11/25/2016,11/26/2016,Second Class,CUST-5951,Diana Ross,Home Office,34567.0,New York,Texas,United States,Central,USCA,PROD-5759,Office Supplies,Chairs,Product C,4735.55,4,0.0,787.4,197.64,Critical
331,CA-2016-ORD33419,11/26/2016,11/27/2016,Standard Class,CUST-2634,Charlie Brown,Corporate,34567.0,New York,Texas,United States,Central,USCA,PROD-5066,Furniture,Chairs,Product C,2666.96,9,0.3,204.98,71.82,High
332,CA-2015-ORD77359,11/27/2016,11/28/2016,Standard Class,CUST-2056,Diana Ross,Home Office,34567.0,Austin,Texas,United States,South,USCA,PROD-8532,Furniture,Phones,Product A,4873.98,5,0.3,977.4,80.18,Medium
333,CA-2014-ORD64759,11/28/2016,11/29/2016,First Class,CUST-5506,Bob Johnson,Consumer,23456.0,New York,Illinois,United States,South,USCA,PROD-2490,Technology,Chairs,Product A,2870.88,9,0.3,579.08,182.46,Medium
334,CA-2013-ORD93141,11/29/2016,11/30/2016,Standard Class,CUST-1170,Diana Ross,Home Office,34567.0,Austin,Texas,United States,West,USCA,PROD-4011,Technology,Binders,Product B,623.55,5,0.3,651.76,129.6,High
335,CA-2016-ORD52990,11/30/2016,12/01/2016,Same Day,CUST-3897,Alice Smith,Corporate,23456.0,Chicago,Illinois,United States,East,USCA,PROD-5767,Technology,Tables,Product C,3865.31,9,0.1,-273.04,167.47,Low
336,CA-2014-ORD43766,12/01/2016,12/02/2016,Second Class,CUST-4794,Bob Johnson,Corporate,,New York,Texas,United States,East,USCA,PROD-2273,Furniture,Tables,Product B,503.17,7,0.2,812.5,162.24,Low
337,CA-2014-ORD77661,12/02/2016,12/03/2016,First Class,CUST-5008,Alice Smith,Corporate,34567.0,New York,Texas,United States,East,USCA,PROD-9789,Office Supplies,Binders,Product B,4305.31,7,0.3,731.23,29.26,Critical
338,CA-2015-ORD83188,12/03/2016,12/04/2016,Second Class,CUST-8612,Bob Johnson,Corporate,,New York,Texas,United States,East,USCA,PROD-2782,Furniture,Chairs,Product A,2353.33,4,0.0,459.36,135.55,Medium
339,CA-2014-ORD72438,12/04/2016,12/05/2016,Standard Class,CUST-3046,Diana Ross,Home Office,12345.0,San Francisco,Illinois,United States,West,USCA,PROD-2994,Furniture,Tables,Product B,2710.29,2,0.3,265.94,118.67,High
340,CA-2015-ORD51196,12/05/2016,12/06/2016,Standard Class,CUST-9451,Diana Ross,Home Office,,New York,Illinois,United States,East,USCA,PROD-7212,Technology,Binders,Product A,3289.99,3,0.3,494.25,87.99,Low
341,CA-2014-ORD92340,12/06/2016,12/07/2016,Second Class,CUST-9548,Charlie Brown,Corporate,,Chicago,Illinois,United States,East,USCA,PROD-8626,Office Supplies,Tables,Product A,12.33,3,0.0,721.99,50.92,Medium
342,CA-2015-ORD78357,12/07/2016,12/08/2016,Standard Class,CUST-7986,Charlie Brown,Corporate,,San Francisco,California,United States,South,USCA,PROD-6355,Office Supplies,Chairs,Product B,1947.48,3,0.2,991.4,9.95,Critical
343,CA-2015-ORD10732,12/08/2016,12/09/2016,Second Class,CUST-8005,Diana Ross,Home Office,34567.0,Austin,New York,United States,West,USCA,PROD-4559,Office Supplies,Chairs,Product A,2686.81,1,0.0,94.6,74.59,High
344,CA-2014-ORD94330,12/09/2016,12/10/2016,First Class,CUST-7005,Bob Johnson,Corporate,12345.0,Chicago,Texas,United States,South,USCA,PROD-3915,Office Supplies,Chairs,Product A,4219.58,8,0.1,440.77,71.19,Medium
345,CA-2015-ORD37695,12/10/2016,12/11/2016,Same Day,CUST-3652,Charlie Brown,Consumer,23456.0,Austin,New York,United States,Central,USCA,PROD-8248,Office Supplies,Phones,Product B,4811.11,9,0.2,98.06,103.25,Medium
346,CA-2016-ORD63124,12/11/2016,12/12/2016,Same Day,CUST-1948,Charlie Brown,Home Office,12345.0,Austin,Texas,United States,West,USCA,PROD-9274,Furniture,Phones,Product A,3981.77,5,0.3,842.22,67.9,Medium
347,CA-2014-ORD45642,12/12/2016,12/13/2016,Same Day,CUST-3220,Diana Ross,Home Office,34567.0,New York,Texas,United States,Central,USCA,PROD-7287,Office Supplies,Chairs,Product C,2099.8,3,0.0,-23.09,11.44,Critical
348,CA-2015-ORD73265,12/13/2016,12/14/2016,First Class,CUST-5963,Charlie Brown,Home Office,,San Francisco,Illinois,United States,West,USCA,PROD-4385,Furniture,Phones,Product A,725.03,5,0.0,-238.75,40.09,Critical
349,CA-2016-ORD80700,12/14/2016,12/15/2016,First Class,CUST-9012,Bob Johnson,Consumer,12345.0,New York,Illinois,United States,West,USCA,PROD-9802,Furniture,Tables,Product A,369.52,5,0.2,202.22,174.13,High
350,CA-2015-ORD63971,12/15/2016,12/16/2016,Same Day,CUST-7015,Diana Ross,Consumer,23456.0,Austin,New York,United States,Central,USCA,PROD-1458,Technology,Phones,Product B,4068.47,6,0.3,600.18,76.39,Low
351,CA-2016-ORD93270,12/16/2016,12/17/2016,Same Day,CUST-2425,Alice Smith,Home Office,34567.0,New York,Illinois,United States,West,USCA,PROD-1730,Technology,Phones,Product B,2510.93,8,0.2,408.71,153.82,Critical
352,CA-2016-ORD29167,12/17/2016,12/18/2016,Standard Class,CUST-5983,Bob Johnson,Home Office,,San Francisco,Texas,United States,East,USCA,PROD-2261,Office Supplies,Chairs,Product C,1006.4,4,0.0,986.58,47.2,Low
353,CA-2016-ORD50360,12/18/2016,12/19/2016,Standard Class,CUST-7550,Bob Johnson,Corporate,34567.0,San Francisco,Illinois,United States,South,USCA,PROD-5376,Office Supplies,Phones,Product A,2001.16,4,0.2,844.83,133.48,Medium
354,CA-2015-ORD56566,12/19/2016,12/20/2016,First Class,CUST-1143,Charlie Brown,Corporate,12345.0,Austin,Texas,United States,Central,USCA,PROD-1310,Office Supplies,Tables,Product B,2907.09,1,0.3,196.25,81.53,High
355,CA-2015-ORD65444,12/20/2016,12/21/2016,First Class,CUST-9998,Charlie Brown,Home Office,12345.0,Chicago,California,United States,East,USCA,PROD-4292,Furniture,Chairs,Product A,2996.36,4,0.0,563.19,22.01,Low
356,CA-2016-ORD76311,12/21/2016,12/22/2016,First Class,CUST-4827,Diana Ross,Home Office,23456.0,Chicago,California,United States,East,USCA,PROD-1704,Office Supplies,Chairs,Product C,2458.94,7,0.2,896.36,96.74,Medium
357,CA-2013-ORD66771,12/22/2016,12/23/2016,Same Day,CUST-5105,Bob Johnson,Home Office,12345.0,Chicago,New York,United States,East,USCA,PROD-7415,Office Supplies,Phones,Product C,1474.81,6,0.0,832.78,122.43,High
358,CA-2014-ORD61645,12/23/2016,12/24/2016,Second Class,CUST-7320,Diana Ross,Home Office,,Austin,New York,United States,West,USCA,PROD-7766,Office Supplies,Phones,Product A,1989.87,1,0.1,-303.35,25.01,High
359,CA-2015-ORD99020,12/24/2016,12/25/2016,Same Day,CUST-9838,Bob Johnson,Home Office,12345.0,Chicago,California,United States,West,USCA,PROD-3456,Furniture,Phones,Product B,4859.86,4,0.0,-307.54,127.3,High
360,CA-2014-ORD92119,12/25/2016,12/26/2016,Second Class,CUST-3288,Alice Smith,Corporate,34567.0,Austin,New York,United States,East,USCA,PROD-3980,Technology,Chairs,Product C,843.93,1,0.0,565.4,93.19,Medium
361,CA-2016-ORD78743,12/26/2016,12/27/2016,First Class,CUST-5677,Charlie Brown,Home Office,23456.0,San Francisco,Texas,United States,Central,USCA,PROD-2343,Furniture,Tables,Product A,1531.65,8,0.3,-175.4,183.54,Low
362,CA-2015-ORD59242,12/27/2016,12/28/2016,Same Day,CUST-7836,Bob Johnson,Home Office,12345.0,San Francisco,New York,United States,South,USCA,PROD-9664,Furniture,Phones,Product B,2668.67,1,0.0,-388.85,142.62,High
363,CA-2013-ORD54672,12/28/2016,12/29/2016,First Class,CUST-2113,Charlie Brown,Consumer,12345.0,Austin,New York,United States,East,USCA,PROD-7945,Technology,Phones,Product A,1660.0,2,0.3,559.28,100.14,High
364,CA-2016-ORD76784,12/29/2016,12/30/2016,Same Day,CUST-1282,Diana Ross,Home Office,,New York,California,United States,East,USCA,PROD-2330,Furniture,Phones,Product A,1580.93,7,0.2,-351.76,83.23,Critical
365,CA-2016-ORD23318,12/30/2016,12/31/2016,Second Class,CUST-7846,Alice Smith,Home Office,,Austin,New York,United States,Central,USCA,PROD-2885,Furniture,Chairs,Product A,994.33,6,0.0,709.32,152.3,Low
366,CA-2016-ORD99431,12/31/2016,01/01/2017,Second Class,CUST-9995,Alice Smith,Corporate,,Austin,New York,United States,West,USCA,PROD-1310,Furniture,Binders,Product C,1462.24,3,0.0,690.51,51.83,Critical
367,CA-2013-ORD24136,01/01/2017,01/02/2017,First Class,CUST-4391,Alice Smith,Home Office,23456.0,San Francisco,New York,United States,South,USCA,PROD-9468,Office Supplies,Binders,Product C,2447.04,8,0.1,102.05,24.97,Low
368,CA-2015-ORD46342,01/02/2017,01/03/2017,Same Day,CUST-6469,Bob Johnson,Consumer,34567.0,New York,Texas,United States,South,USCA,PROD-8357,Technology,Chairs,Product C,3546.07,2,0.3,-469.42,159.21,High
369,CA-2014-ORD77292,01/03/2017,01/04/2017,First Class,CUST-1569,Alice Smith,Home Office,12345.0,San Francisco,Texas,United States,East,USCA,PROD-4025,Technology,Tables,Product C,3959.0,8,0.1,-99.87,101.67,Critical
370,CA-2014-ORD16211,01/04/2017,01/05/2017,First Class,CUST-6545,Alice Smith,Consumer,12345.0,Austin,Texas,United States,Central,USCA,PROD-9700,Furniture,Tables,Product C,4102.94,2,0.1,838.62,185.44,High
371,CA-2015-ORD70015,01/05/2017,01/06/2017,First Class,CUST-7319,Diana Ross,Home Office,34567.0,Chicago,New York,United States,West,USCA,PROD-8624,Office Supplies,Tables,Product C,4806.08,8,0.3,783.0,77.63,High
372,CA-2015-ORD19103,01/06/2017,01/07/2017,Same Day,CUST-5181,Alice Smith,Corporate,23456.0,New York,Illinois,United States,Central,USCA,PROD-1081,Furniture,Tables,Product C,1483.82,9,0.0,948.62,159.94,Critical
373,CA-2016-ORD55433,01/07/2017,01/08/2017,First Class,CUST-1630,Charlie Brown,Consumer,34567.0,New York,Texas,United States,West,USCA,PROD-8485,Furniture,Phones,Product C,2774.72,2,0.1,641.34,47.29,Medium
374,CA-2013-ORD19640,01/08/2017,01/09/2017,First Class,CUST-1182,Charlie Brown,Home Office,12345.0,Chicago,California,United States,East,USCA,PROD-9267,Technology,Phones,Product C,2034.39,1,0.1,-110.05,145.81,Medium
375,CA-2016-ORD59817,01/09/2017,01/10/2017,Second Class,CUST-8316,Diana Ross,Consumer,23456.0,Austin,Illinois,United States,Central,USCA,PROD-9973,Office Supplies,Phones,Product C,3613.38,7,0.2,-403.38,140.92,Medium
376,CA-2016-ORD34350,01/10/2017,01/11/2017,Standard Class,CUST-5080,Alice Smith,Consumer,,New York,California,United States,West,USCA,PROD-3434,Office Supplies,Binders,Product A,1829.54,5,0.1,783.34,9.85,Low
377,CA-2015-ORD51679,01/11/2017,01/12/2017,Standard Class,CUST-9137,Charlie Brown,Consumer,12345.0,Chicago,New York,United States,Central,USCA,PROD-5773,Furniture,Binders,Product A,2219.12,8,0.1,630.06,81.92,Low
378,CA-2015-ORD75908,01/12/2017,01/13/2017,First Class,CUST-2241,Charlie Brown,Corporate,23456.0,New York,New York,United States,East,USCA,PROD-5128,Office Supplies,Chairs,Product B,1768.89,5,0.2,-382.11,141.9,Medium
379,CA-2013-ORD23855,01/13/2017,01/14/2017,Standard Class,CUST-6830,Alice Smith,Corporate,12345.0,New York,Illinois,United States,South,USCA,PROD-7687,Office Supplies,Binders,Product C,1195.53,9,0.1,492.16,8.0,Critical
380,CA-2013-ORD27478,01/14/2017,01/15/2017,Same Day,CUST-4418,Charlie Brown,Corporate,12345.0,Austin,Texas,United States,South,USCA,PROD-2127,Technology,Chairs,Product A,2437.48,5,0.0,-62.18,196.75,Critical
381,CA-2014-ORD62363,01/15/2017,01/16/2017,Second Class,CUST-3072,Bob Johnson,Consumer,34567.0,San Francisco,Texas,United States,West,USCA,PROD-7048,Furniture,Tables,Product A,1540.91,1,0.0,202.59,16.23,Medium
382,CA-2013-ORD53005,01/16/2017,01/17/2017,First Class,CUST-4538,Alice Smith,Home Office,34567.0,Austin,New York,United States,West,USCA,PROD-7963,Technology,Phones,Product C,2723.43,1,0.3,-8.15,9.72,Low
383,CA-2013-ORD72739,01/17/2017,01/18/2017,First Class,CUST-8979,Bob Johnson,Corporate,,Austin,Illinois,United States,West,USCA,PROD-9238,Technology,Phones,Product C,1709.01,4,0.2,997.0,194.9,Medium
384,CA-2013-ORD80339,01/18/2017,01/19/2017,First Class,CUST-5129,Charlie Brown,Corporate,23456.0,San Francisco,California,United States,West,USCA,PROD-4005,Office Supplies,Tables,Product C,1236.39,4,0.3,935.51,194.39,Low
385,CA-2016-ORD94325,01/19/2017,01/20/2017,Same Day,CUST-8016,Bob Johnson,Home Office,,Chicago,California,United States,Central,USCA,PROD-2681,Office Supplies,Chairs,Product B,313.03,2,0.0,578.0,174.24,Critical
386,CA-2013-ORD68134,01/20/2017,01/21/2017,Standard Class,CUST-2740,Charlie Brown,Home Office,12345.0,San Francisco,Texas,United States,Central,USCA,PROD-2401,Office Supplies,Binders,Product B,2053.51,3,0.3,-240.36,17.87,Low
387,CA-2016-ORD47065,01/21/2017,01/22/2017,Second Class,CUST-7984,Bob Johnson,Consumer,23456.0,Austin,Texas,United States,East,USCA,PROD-9712,Technology,Binders,Product C,4075.84,1,0.3,409.39,134.2,High
388,CA-2016-ORD20522,01/22/2017,01/23/2017,Same Day,CUST-5311,Diana Ross,Consumer,,New York,Illinois,United States,South,USCA,PROD-3155,Technology,Chairs,Product C,4788.92,5,0.0,616.07,27.77,Critical
389,CA-2013-ORD84721,01/23/2017,01/24/2017,Same Day,CUST-1630,Diana Ross,Corporate,12345.0,New York,Texas,United States,South,USCA,PROD-4093,Furniture,Phones,Product B,1686.04,5,0.3,992.99,145.36,Low
390,CA-2015-ORD90937,01/24/2017,01/25/2017,First Class,CUST-9350,Bob Johnson,Home Office,23456.0,Austin,California,United States,Central,USCA,PROD-5838,Furniture,Tables,Product A,1641.93,8,0.2,175.24,74.96,Medium
391,CA-2014-ORD96912,01/25/2017,01/26/2017,Same Day,CUST-2444,Alice Smith,Home Office,12345.0,San Francisco,Illinois,United States,South,USCA,PROD-1036,Technology,Chairs,Product B,4857.96,6,0.3,824.82,46.11,High
392,CA-2013-ORD46275,01/26/2017,01/27/2017,First Class,CUST-2885,Diana Ross,Corporate,12345.0,San Francisco,Illinois,United States,South,USCA,PROD-6278,Furniture,Chairs,Product A,1860.64,2,0.1,636.44,184.18,High
393,CA-2015-ORD14069,01/27/2017,01/28/2017,Same Day,CUST-7851,Alice Smith,Corporate,,New York,California,United States,South,USCA,PROD-2885,Office Supplies,Tables,Product A,174.46,1,0.2,101.15,194.11,Critical
394,CA-2013-ORD98879,01/28/2017,01/29/2017,First Class,CUST-9846,Bob Johnson,Corporate,,San Francisco,Illinois,United States,East,USCA,PROD-7254,Office Supplies,Phones,Product C,3714.96,2,0.0,834.67,100.38,Medium
395,CA-2016-ORD28086,01/29/2017,01/30/2017,Standard Class,CUST-3140,Diana Ross,Home Office,12345.0,New York,New York,United States,Central,USCA,PROD-4462,Office Supplies,Chairs,Product B,2710.93,3,0.3,904.33,188.95,High
396,CA-2016-ORD16978,01/30/2017,01/31/2017,Second Class,CUST-6777,Bob Johnson,Home Office,12345.0,San Francisco,Illinois,United States,Central,USCA,PROD-2218,Furniture,Phones,Product B,3848.06,4,0.2,12.34,194.72,High
397,CA-2015-ORD75104,01/31/2017,02/01/2017,Second Class,CUST-8266,Diana Ross,Consumer,,Austin,New York,United States,East,USCA,PROD-5658,Furniture,Phones,Product B,2981.24,4,0.0,595.35,162.76,High
398,CA-2015-ORD39814,02/01/2017,02/02/2017,Second Class,CUST-9965,Diana Ross,Home Office,34567.0,New York,Texas,United States,West,USCA,PROD-1516,Office Supplies,Chairs,Product A,3229.86,1,0.3,506.07,112.71,Medium
399,CA-2015-ORD62245,02/02/2017,02/03/2017,Second Class,CUST-3316,Charlie Brown,Home Office,34567.0,New York,California,United States,East,USCA,PROD-3170,Furniture,Tables,Product B,3336.84,1,0.2,913.36,189.48,Low
400,CA-2016-ORD72311,02/03/2017,02/04/2017,First Class,CUST-6923,Charlie Brown,Consumer,,San Francisco,Texas,United States,West,USCA,PROD-1919,Technology,Chairs,Product B,317.23,4,0.2,51.3,21.82,Low
401,CA-2013-ORD14981,02/04/2017,02/05/2017,Second Class,CUST-1618,Diana Ross,Home Office,,Chicago,Illinois,United States,West,USCA,PROD-1733,Technology,Tables,Product A,4125.11,5,0.3,553.4,164.92,Critical
402,CA-2014-ORD32503,02/05/2017,02/06/2017,First Class,CUST-9477,Diana Ross,Home Office,34567.0,San Francisco,Texas,United States,West,USCA,PROD-3594,Technology,Chairs,Product A,993.66,6,0.3,925.56,28.76,High
403,CA-2015-ORD64338,02/06/2017,02/07/2017,Standard Class,CUST-1266,Bob Johnson,Corporate,,Austin,Texas,United States,West,USCA,PROD-2493,Technology,Phones,Product B,3034.42,7,0.1,-221.23,18.12,Medium
404,CA-2016-ORD29152,02/07/2017,02/08/2017,Standard Class,CUST-3764,Bob Johnson,Corporate,34567.0,Chicago,California,United States,South,USCA,PROD-5216,Technology,Chairs,Product B,3378.68,2,0.0,99.23,153.52,Critical
405,CA-2015-ORD70999,02/08/2017,02/09/2017,Second Class,CUST-6575,Alice Smith,Consumer,12345.0,Chicago,New York,United States,East,USCA,PROD-4020,Office Supplies,Binders,Product B,2906.41,9,0.0,90.85,132.24,Low
406,CA-2016-ORD85732,02/09/2017,02/10/2017,Standard Class,CUST-4011,Diana Ross,Consumer,34567.0,San Francisco,Texas,United States,West,USCA,PROD-8966,Office Supplies,Chairs,Product A,3715.06,3,0.2,-307.55,148.2,Medium
407,CA-2016-ORD98393,02/10/2017,02/11/2017,First Class,CUST-6376,Charlie Brown,Corporate,34567.0,Austin,California,United States,East,USCA,PROD-4807,Office Supplies,Phones,Product A,4606.56,8,0.1,860.13,172.94,High
408,CA-2016-ORD41998,02/11/2017,02/12/2017,Second Class,CUST-8767,Charlie Brown,Home Office,34567.0,Austin,Illinois,United States,Central,USCA,PROD-1599,Office Supplies,Phones,Product B,2674.61,7,0.3,-425.78,60.8,Critical
409,CA-2016-ORD26647,02/12/2017,02/13/2017,First Class,CUST-7945,Bob Johnson,Home Office,23456.0,Austin,Illinois,United States,East,USCA,PROD-2573,Office Supplies,Tables,Product A,1932.66,5,0.3,554.0,105.97,Low
410,CA-2013-ORD52250,02/13/2017,02/14/2017,Second Class,CUST-8264,Charlie Brown,Consumer,,Austin,New York,United States,South,USCA,PROD-6660,Office Supplies,Chairs,Product C,2550.1,4,0.3,664.21,71.11,Medium
411,CA-2014-ORD22505,02/14/2017,02/15/2017,Second Class,CUST-1697,Charlie Brown,Corporate,12345.0,New York,Texas,United States,West,USCA,PROD-2793,Office Supplies,Chairs,Product C,1158.32,6,0.0,782.72,104.5,Medium
412,CA-2013-ORD73702,02/15/2017,02/16/2017,Second Class,CUST-6038,Charlie Brown,Home Office,23456.0,San Francisco,California,United States,Central,USCA,PROD-6359,Furniture,Tables,Product C,1983.84,2,0.3,105.99,88.74,Critical
413,CA-2014-ORD32677,02/16/2017,02/17/2017,Standard Class,CUST-5152,Charlie Brown,Home Office,12345.0,Austin,California,United States,South,USCA,PROD-1378,Furniture,Phones,Product A,433.61,4,0.3,304.76,154.26,Medium
414,CA-2015-ORD82857,02/17/2017,02/18/2017,First Class,CUST-9565,Alice Smith,Corporate,,San Francisco,California,United States,South,USCA,PROD-1794,Furniture,Phones,Product A,3327.14,8,0.1,-403.57,179.38,Low
415,CA-2013-ORD36442,02/18/2017,02/19/2017,Second Class,CUST-1217,Alice Smith,Home Office,34567.0,San Francisco,New York,United States,South,USCA,PROD-2640,Technology,Tables,Product C,3029.18,8,0.0,401.44,147.58,Medium
416,CA-2015-ORD38338,02/19/2017,02/20/2017,Same Day,CUST-4744,Charlie Brown,Corporate,12345.0,San Francisco,Texas,United States,West,USCA,PROD-9748,Furniture,Tables,Product C,4271.02,3,0.1,822.26,134.01,High
417,CA-2016-ORD67641,02/20/2017,02/21/2017,First Class,CUST-5995,Bob Johnson,Corporate,,Austin,New York,United States,East,USCA,PROD-2926,Technology,Binders,Product B,4041.45,6,0.2,508.09,27.83,Low
418,CA-2013-ORD80728,02/21/2017,02/22/2017,Same Day,CUST-2991,Charlie Brown,Consumer,23456.0,New York,California,United States,Central,USCA,PROD-2072,Furniture,Binders,Product C,34.76,2,0.2,139.24,167.16,Critical
419,CA-2013-ORD92406,02/22/2017,02/23/2017,First Class,CUST-3188,Alice Smith,Consumer,34567.0,San Francisco,Illinois,United States,East,USCA,PROD-6975,Furniture,Phones,Product A,4190.89,3,0.2,-223.11,57.43,Low
420,CA-2015-ORD95789,02/23/2017,02/24/2017,Standard Class,CUST-9909,Bob Johnson,Consumer,12345.0,San Francisco,Illinois,United States,South,USCA,PROD-5792,Technology,Chairs,Product C,3463.33,8,0.1,973.55,146.97,Low
421,CA-2014-ORD46766,02/24/2017,02/25/2017,Second Class,CUST-8483,Diana Ross,Corporate,,New York,Illinois,United States,West,USCA,PROD-7098,Technology,Tables,Product B,61.47,8,0.0,741.2,173.62,Medium
422,CA-2014-ORD55332,02/25/2017,02/26/2017,Same Day,CUST-9373,Bob Johnson,Consumer,23456.0,New York,Texas,United States,East,USCA,PROD-3723,Technology,Tables,Product C,2712.7,9,0.0,925.67,119.53,High
423,CA-2016-ORD68618,02/26/2017,02/27/2017,Standard Class,CUST-4212,Charlie Brown,Home Office,23456.0,San Francisco,Texas,United States,South,USCA,PROD-8479,Technology,Binders,Product B,72.15,3,0.3,956.59,171.01,Low
424,CA-2014-ORD71224,02/27/2017,02/28/2017,Standard Class,CUST-6519,Diana Ross,Home Office,23456.0,Chicago,New York,United States,Central,USCA,PROD-5350,Furniture,Chairs,Product C,952.93,4,0.3,821.74,13.22,Critical
425,CA-2016-ORD23695,02/28/2017,03/01/2017,First Class,CUST-7235,Alice Smith,Consumer,23456.0,San Francisco,Illinois,United States,West,USCA,PROD-2131,Furniture,Chairs,Product C,2842.14,7,0.0,496.1,119.64,Low
426,CA-2013-ORD54487,03/01/2017,03/02/2017,Same Day,CUST-3526,Bob Johnson,Home Office,34567.0,Chicago,Illinois,United States,Central,USCA,PROD-7577,Technology,Tables,Product A,2827.27,9,0.1,625.18,173.16,High
427,CA-2013-ORD78026,03/02/2017,03/03/2017,Same Day,CUST-4581,Bob Johnson,Home Office,12345.0,Austin,Illinois,United States,Central,USCA,PROD-6977,Technology,Binders,Product B,2006.29,2,0.1,608.84,113.82,High
428,CA-2016-ORD31221,03/03/2017,03/04/2017,Same Day,CUST-2445,Alice Smith,Corporate,34567.0,Austin,California,United States,West,USCA,PROD-5297,Office Supplies,Phones,Product C,243.57,3,0.1,978.24,191.99,Critical
429,CA-2013-ORD79543,03/04/2017,03/05/2017,First Class,CUST-6191,Bob Johnson,Home Office,23456.0,San Francisco,Illinois,United States,East,USCA,PROD-4026,Furniture,Tables,Product A,1280.47,6,0.3,420.33,66.62,Medium
430,CA-2015-ORD61435,03/05/2017,03/06/2017,Standard Class,CUST-9570,Bob Johnson,Home Office,34567.0,New York,California,United States,South,USCA,PROD-4629,Furniture,Binders,Product A,2616.99,7,0.3,660.67,137.9,Medium
431,CA-2013-ORD71090,03/06/2017,03/07/2017,Same Day,CUST-1086,Diana Ross,Corporate,12345.0,New York,New York,United States,East,USCA,PROD-6801,Furniture,Tables,Product B,3534.37,3,0.1,841.29,90.85,High
432,CA-2015-ORD94661,03/07/2017,03/08/2017,First Class,CUST-2397,Charlie Brown,Corporate,23456.0,San Francisco,New York,United States,East,USCA,PROD-6596,Technology,Tables,Product A,4185.22,7,0.2,243.55,164.05,Critical
433,CA-2013-ORD91421,03/08/2017,03/09/2017,Same Day,CUST-3118,Alice Smith,Corporate,12345.0,San Francisco,Texas,United States,Central,USCA,PROD-4459,Furniture,Chairs,Product A,2093.46,4,0.0,237.27,46.44,Low
434,CA-2014-ORD14765,03/09/2017,03/10/2017,Standard Class,CUST-3456,Diana Ross,Corporate,,San Francisco,New York,United States,Central,USCA,PROD-2421,Office Supplies,Chairs,Product C,4938.69,2,0.1,-437.08,93.27,High
435,CA-2013-ORD98232,03/10/2017,03/11/2017,Second Class,CUST-4016,Diana Ross,Consumer,34567.0,New York,Texas,United States,Central,USCA,PROD-3290,Office Supplies,Tables,Product B,492.72,4,0.1,355.77,76.97,Critical
436,CA-2016-ORD82461,03/11/2017,03/12/2017,Second Class,CUST-3585,Diana Ross,Consumer,23456.0,Chicago,Illinois,United States,East,USCA,PROD-2182,Office Supplies,Phones,Product A,2376.36,5,0.2,758.0,69.02,High
437,CA-2015-ORD40230,03/12/2017,03/13/2017,First Class,CUST-4261,Bob Johnson,Home Office,,New York,Texas,United States,West,USCA,PROD-7875,Furniture,Tables,Product C,3191.14,4,0.2,2.07,107.11,Critical
438,CA-2014-ORD89024,03/13/2017,03/14/2017,Standard Class,CUST-2104,Diana Ross,Consumer,12345.0,New York,Illinois,United States,East,USCA,PROD-6327,Technology,Phones,Product A,4043.46,3,0.0,-155.89,181.97,High
439,CA-2014-ORD22334,03/14/2017,03/15/2017,Second Class,CUST-8874,Bob Johnson,Home Office,23456.0,Chicago,New York,United States,East,USCA,PROD-7044,Technology,Binders,Product A,1381.88,7,0.2,-178.32,173.82,Low
440,CA-2015-ORD92328,03/15/2017,03/16/2017,Second Class,CUST-4674,Diana Ross,Corporate,12345.0,New York,New York,United States,East,USCA,PROD-5039,Technology,Phones,Product C,4247.72,8,0.1,902.17,83.62,Medium
441,CA-2016-ORD45064,03/16/2017,03/17/2017,First Class,CUST-5217,Diana Ross,Corporate,23456.0,Austin,Illinois,United States,Central,USCA,PROD-1415,Technology,Tables,Product B,221.09,1,0.1,346.95,81.41,Critical
442,CA-2013-ORD45888,03/17/2017,03/18/2017,First Class,CUST-7904,Charlie Brown,Corporate,34567.0,Chicago,New York,United States,Central,USCA,PROD-1927,Furniture,Phones,Product A,3896.09,9,0.0,770.09,157.86,Low
443,CA-2014-ORD85313,03/18/2017,03/19/2017,Same Day,CUST-1767,Bob Johnson,Home Office,34567.0,Austin,California,United States,West,USCA,PROD-1037,Technology,Tables,Product A,3008.76,2,0.3,984.33,80.13,Low
444,CA-2016-ORD53799,03/19/2017,03/20/2017,Standard Class,CUST-4557,Alice Smith,Consumer,12345.0,Austin,California,United States,East,USCA,PROD-9033,Technology,Binders,Product C,100.24,9,0.0,366.13,122.93,Critical
445,CA-2015-ORD74510,03/20/2017,03/21/2017,Standard Class,CUST-8353,Alice Smith,Consumer,12345.0,Chicago,California,United States,South,USCA,PROD-9779,Office Supplies,Binders,Product A,3918.97,8,0.1,157.01,124.44,High
446,CA-2015-ORD78754,03/21/2017,03/22/2017,Same Day,CUST-3747,Bob Johnson,Consumer,23456.0,San Francisco,Illinois,United States,East,USCA,PROD-2966,Technology,Tables,Product B,160.05,9,0.3,685.9,18.64,Critical
447,CA-2013-ORD95581,03/22/2017,03/23/2017,Standard Class,CUST-7452,Diana Ross,Home Office,23456.0,New York,California,United States,Central,USCA,PROD-8757,Furniture,Binders,Product B,1070.51,9,0.3,755.48,9.87,Low
448,CA-2015-ORD16358,03/23/2017,03/24/2017,Standard Class,CUST-6640,Bob Johnson,Corporate,34567.0,New York,New York,United States,West,USCA,PROD-2304,Technology,Binders,Product A,527.8,3,0.1,188.71,196.89,Medium
449,CA-2016-ORD69898,03/24/2017,03/25/2017,Same Day,CUST-3171,Diana Ross,Home Office,23456.0,San Francisco,Illinois,United States,West,USCA,PROD-1781,Office Supplies,Phones,Product B,2551.27,3,0.1,192.13,24.36,High
450,CA-2016-ORD19521,03/25/2017,03/26/2017,First Class,CUST-7317,Diana Ross,Home Office,12345.0,San Francisco,Texas,United States,West,USCA,PROD-3652,Technology,Binders,Product B,2288.87,3,0.1,203.73,111.91,Low
451,CA-2014-ORD19353,03/26/2017,03/27/2017,Same Day,CUST-2452,Bob Johnson,Home Office,34567.0,Austin,Illinois,United States,South,USCA,PROD-1520,Office Supplies,Phones,Product A,4564.58,7,0.0,-431.31,65.04,Medium
452,CA-2013-ORD32889,03/27/2017,03/28/2017,Second Class,CUST-6046,Alice Smith,Consumer,23456.0,New York,Texas,United States,Central,USCA,PROD-9800,Furniture,Binders,Product A,1666.02,8,0.2,-136.95,143.65,High
453,CA-2016-ORD16792,03/28/2017,03/29/2017,Same Day,CUST-4188,Bob Johnson,Consumer,34567.0,Austin,New York,United States,Central,USCA,PROD-6423,Technology,Binders,Product B,4636.65,1,0.0,-314.09,75.82,Low
454,CA-2015-ORD15385,03/29/2017,03/30/2017,First Class,CUST-6509,Alice Smith,Corporate,23456.0,New York,Texas,United States,East,USCA,PROD-7101,Furniture,Chairs,Product C,4480.56,4,0.2,514.55,79.5,Critical
455,CA-2016-ORD47673,03/30/2017,03/31/2017,Same Day,CUST-1142,Diana Ross,Home Office,23456.0,Chicago,New York,United States,South,USCA,PROD-1222,Technology,Tables,Product B,2624.18,4,0.3,-37.89,69.53,Medium
456,CA-2016-ORD45086,03/31/2017,04/01/2017,First Class,CUST-4965,Diana Ross,Consumer,12345.0,Chicago,New York,United States,South,USCA,PROD-7893,Technology,Chairs,Product C,575.52,8,0.1,-207.83,130.23,Critical
457,CA-2013-ORD53893,04/01/2017,04/02/2017,Same Day,CUST-3244,Diana Ross,Consumer,23456.0,San Francisco,New York,United States,West,USCA,PROD-4379,Technology,Binders,Product B,3052.59,9,0.0,227.36,147.4,Low
458,CA-2014-ORD99524,04/02/2017,04/03/2017,Same Day,CUST-4991,Alice Smith,Consumer,12345.0,Austin,Illinois,United States,Central,USCA,PROD-6228,Technology,Tables,Product A,2278.37,2,0.3,-74.69,56.81,Low
459,CA-2015-ORD14977,04/03/2017,04/04/2017,Second Class,CUST-2634,Diana Ross,Corporate,34567.0,San Francisco,Illinois,United States,West,USCA,PROD-2512,Furniture,Binders,Product B,2741.17,9,0.3,987.77,120.06,Medium
460,CA-2015-ORD18184,04/04/2017,04/05/2017,Second Class,CUST-3941,Alice Smith,Consumer,12345.0,New York,California,United States,Central,USCA,PROD-5814,Technology,Tables,Product A,2137.52,7,0.2,-462.24,15.95,Low
461,CA-2015-ORD48263,04/05/2017,04/06/2017,First Class,CUST-6641,Alice Smith,Consumer,,Chicago,California,United States,East,USCA,PROD-4671,Furniture,Binders,Product B,3242.44,6,0.1,-345.09,37.63,Critical
462,CA-2016-ORD47458,04/06/2017,04/07/2017,First Class,CUST-4955,Alice Smith,Consumer,,Chicago,Texas,United States,South,USCA,PROD-3282,Office Supplies,Phones,Product C,4355.5,9,0.2,404.29,31.12,Critical
463,CA-2013-ORD35378,04/07/2017,04/08/2017,First Class,CUST-7104,Alice Smith,Corporate,12345.0,Austin,Texas,United States,West,USCA,PROD-6316,Furniture,Binders,Product A,785.08,5,0.1,596.22,112.84,Medium
464,CA-2014-ORD35275,04/08/2017,04/09/2017,Same Day,CUST-3349,Charlie Brown,Consumer,23456.0,Austin,Illinois,United States,Central,USCA,PROD-5331,Office Supplies,Chairs,Product C,4623.38,2,0.3,-280.64,196.11,High
465,CA-2014-ORD14801,04/09/2017,04/10/2017,Second Class,CUST-8550,Diana Ross,Consumer,34567.0,San Francisco,New York,United States,West,USCA,PROD-5786,Furniture,Chairs,Product A,3425.69,9,0.2,-229.52,183.37,Low
466,CA-2014-ORD94482,04/10/2017,04/11/2017,Standard Class,CUST-4868,Diana Ross,Home Office,12345.0,San Francisco,California,United States,East,USCA,PROD-2833,Technology,Chairs,Product B,4122.49,1,0.0,-123.68,41.01,Medium
467,CA-2016-ORD33426,04/11/2017,04/12/2017,Standard Class,CUST-9486,Alice Smith,Home Office,34567.0,Austin,California,United States,West,USCA,PROD-3640,Furniture,Phones,Product A,1689.13,7,0.1,17.66,167.8,Medium
468,CA-2013-ORD46047,04/12/2017,04/13/2017,Same Day,CUST-7057,Bob Johnson,Consumer,23456.0,San Francisco,Illinois,United States,Central,USCA,PROD-9635,Technology,Chairs,Product A,689.91,2,0.2,385.74,70.52,Medium
469,CA-2016-ORD92275,04/13/2017,04/14/2017,Standard Class,CUST-7425,Charlie Brown,Consumer,34567.0,Austin,New York,United States,Central,USCA,PROD-7280,Office Supplies,Tables,Product C,585.7,2,0.0,-53.71,75.32,High
470,CA-2016-ORD62656,04/14/2017,04/15/2017,Same Day,CUST-1330,Bob Johnson,Consumer,23456.0,Austin,New York,United States,Central,USCA,PROD-1600,Furniture,Phones,Product C,1319.15,7,0.1,-45.56,66.8,Medium
471,CA-2015-ORD23784,04/15/2017,04/16/2017,Same Day,CUST-4891,Charlie Brown,Home Office,12345.0,Chicago,California,United States,Central,USCA,PROD-1780,Technology,Chairs,Product C,2195.71,4,0.0,749.19,151.5,Medium
472,CA-2015-ORD94876,04/16/2017,04/17/2017,Standard Class,CUST-8923,Alice Smith,Consumer,12345.0,Chicago,Illinois,United States,Central,USCA,PROD-3226,Office Supplies,Tables,Product C,4916.11,3,0.2,896.79,47.58,Critical
473,CA-2015-ORD79548,04/17/2017,04/18/2017,First Class,CUST-1730,Diana Ross,Corporate,34567.0,San Francisco,Texas,United States,West,USCA,PROD-4849,Office Supplies,Binders,Product B,2260.59,3,0.0,181.05,198.96,Medium
474,CA-2015-ORD88810,04/18/2017,04/19/2017,Second Class,CUST-4787,Alice Smith,Consumer,34567.0,Austin,California,United States,West,USCA,PROD-9170,Technology,Phones,Product B,2048.2,4,0.1,665.72,52.16,Low
475,CA-2016-ORD21421,04/19/2017,04/20/2017,Standard Class,CUST-3627,Charlie Brown,Corporate,23456.0,San Francisco,New York,United States,East,USCA,PROD-5866,Furniture,Phones,Product A,4588.32,8,0.0,961.14,62.52,Medium
476,CA-2014-ORD55702,04/20/2017,04/21/2017,First Class,CUST-2786,Bob Johnson,Home Office,,Chicago,New York,United States,West,USCA,PROD-2194,Office Supplies,Phones,Product C,1845.73,2,0.0,910.61,153.48,Critical
477,CA-2015-ORD17134,04/21/2017,04/22/2017,Same Day,CUST-1582,Bob Johnson,Corporate,,Austin,New York,United States,South,USCA,PROD-1350,Technology,Chairs,Product A,209.84,3,0.2,258.73,62.55,Critical
478,CA-2016-ORD73015,04/22/2017,04/23/2017,Standard Class,CUST-9621,Bob Johnson,Corporate,34567.0,Austin,Texas,United States,Central,USCA,PROD-6009,Furniture,Tables,Product A,1916.67,6,0.1,-161.09,178.13,Critical
479,CA-2014-ORD71320,04/23/2017,04/24/2017,Same Day,CUST-8288,Diana Ross,Home Office,23456.0,Chicago,California,United States,West,USCA,PROD-2461,Furniture,Tables,Product A,4768.84,8,0.1,530.47,13.94,Critical
480,CA-2015-ORD20825,04/24/2017,04/25/2017,Standard Class,CUST-4681,Alice Smith,Home Office,,Austin,Texas,United States,East,USCA,PROD-2372,Furniture,Chairs,Product C,1973.77,3,0.2,422.28,65.53,High
481,CA-2016-ORD46439,04/25/2017,04/26/2017,First Class,CUST-2609,Charlie Brown,Consumer,23456.0,New York,California,United States,East,USCA,PROD-7259,Furniture,Phones,Product C,1265.08,2,0.0,-42.82,90.05,Critical
482,CA-2016-ORD32402,04/26/2017,04/27/2017,Second Class,CUST-2359,Alice Smith,Consumer,34567.0,Chicago,New York,United States,West,USCA,PROD-4801,Technology,Phones,Product A,2952.7,1,0.1,-182.01,174.34,High
483,CA-2013-ORD78147,04/27/2017,04/28/2017,Same Day,CUST-5599,Diana Ross,Consumer,34567.0,New York,California,United States,East,USCA,PROD-6595,Furniture,Phones,Product A,1741.41,6,0.1,48.22,146.84,Medium
484,CA-2014-ORD66214,04/28/2017,04/29/2017,Standard Class,CUST-1998,Alice Smith,Consumer,34567.0,Austin,Illinois,United States,Central,USCA,PROD-5974,Furniture,Chairs,Product A,2315.57,7,0.1,154.64,106.31,Critical
485,CA-2014-ORD88102,04/29/2017,04/30/2017,Second Class,CUST-8426,Alice Smith,Consumer,34567.0,Chicago,California,United States,East,USCA,PROD-6888,Technology,Phones,Product A,2720.35,9,0.3,38.67,146.73,Low
486,CA-2016-ORD74352,04/30/2017,05/01/2017,First Class,CUST-4349,Charlie Brown,Corporate,,New York,Texas,United States,West,USCA,PROD-7475,Technology,Chairs,Product B,212.5,6,0.2,758.64,172.75,Critical
487,CA-2016-ORD99137,05/01/2017,05/02/2017,Same Day,CUST-4064,Bob Johnson,Corporate,34567.0,Chicago,New York,United States,Central,USCA,PROD-7172,Technology,Binders,Product C,2417.06,5,0.1,-72.39,138.94,Critical
488,CA-2016-ORD10122,05/02/2017,05/03/2017,Second Class,CUST-5798,Charlie Brown,Home Office,34567.0,San Francisco,New York,United States,East,USCA,PROD-5864,Technology,Phones,Product A,1989.63,5,0.3,489.84,105.32,High
489,CA-2014-ORD23029,05/03/2017,05/04/2017,Second Class,CUST-5156,Alice Smith,Consumer,34567.0,New York,New York,United States,South,USCA,PROD-9377,Office Supplies,Chairs,Product B,382.14,2,0.3,387.72,131.52,Low
490,CA-2014-ORD94027,05/04/2017,05/05/2017,Standard Class,CUST-2807,Diana Ross,Corporate,12345.0,Chicago,Texas,United States,Central,USCA,PROD-4888,Technology,Phones,Product B,3007.59,7,0.0,886.03,132.54,Medium
491,CA-2013-ORD12478,05/05/2017,05/06/2017,First Class,CUST-3640,Bob Johnson,Home Office,,Chicago,Illinois,United States,East,USCA,PROD-5209,Office Supplies,Chairs,Product A,4960.79,3,0.1,434.59,34.8,High
492,CA-2014-ORD15479,05/06/2017,05/07/2017,Standard Class,CUST-5116,Alice Smith,Home Office,23456.0,Chicago,New York,United States,East,USCA,PROD-3463,Office Supplies,Tables,Product C,2798.03,4,0.2,-257.68,163.77,Low
493,CA-2015-ORD64511,05/07/2017,05/08/2017,Standard Class,CUST-6496,Diana Ross,Home Office,,New York,Texas,United States,East,USCA,PROD-7252,Office Supplies,Binders,Product B,932.78,7,0.1,-30.38,86.83,Low
494,CA-2015-ORD13708,05/08/2017,05/09/2017,Standard Class,CUST-4073,Charlie Brown,Home Office,23456.0,Chicago,New York,United States,West,USCA,PROD-7668,Office Supplies,Phones,Product C,430.14,7,0.0,-368.85,197.41,Low
495,CA-2015-ORD98998,05/09/2017,05/10/2017,Same Day,CUST-9688,Diana Ross,Home Office,,Chicago,Texas,United States,Central,USCA,PROD-9847,Office Supplies,Phones,Product C,2567.12,5,0.3,167.93,69.16,Medium
496,CA-2016-ORD12861,05/10/2017,05/11/2017,Second Class,CUST-7855,Bob Johnson,Consumer,,Chicago,Texas,United States,South,USCA,PROD-4559,Office Supplies,Phones,Product A,4443.75,7,0.2,-90.12,16.67,Low
497,CA-2016-ORD69721,05/11/2017,05/12/2017,First Class,CUST-8137,Bob Johnson,Consumer,12345.0,San Francisco,New York,United States,East,USCA,PROD-4754,Furniture,Binders,Product C,31.5,3,0.0,-201.85,43.88,Medium
498,CA-2013-ORD22175,05/12/2017,05/13/2017,Second Class,CUST-2617,Diana Ross,Corporate,34567.0,New York,New York,United States,West,USCA,PROD-4443,Furniture,Chairs,Product C,2092.04,6,0.1,-429.12,140.16,High
499,CA-2013-ORD66830,05/13/2017,05/14/2017,Standard Class,CUST-8435,Charlie Brown,Consumer,23456.0,San Francisco,California,United States,Central,USCA,PROD-9842,Technology,Chairs,Product A,3432.14,8,0.1,-192.77,129.99,Critical
500,CA-2014-ORD20434,05/14/2017,05/15/2017,First Class,CUST-8675,Alice Smith,Corporate,34567.0,Chicago,Texas,United States,Central,USCA,PROD-1338,Furniture,Tables,Product C,1374.79,7,0.3,460.95,175.45,Low
501,CA-2016-ORD14465,05/15/2017,05/16/2017,Standard Class,CUST-8382,Alice Smith,Home Office,34567.0,New York,California,United States,West,USCA,PROD-5001,Office Supplies,Chairs,Product C,2605.86,2,0.3,261.48,70.15,Medium
502,CA-2014-ORD12987,05/16/2017,05/17/2017,First Class,CUST-4683,Charlie Brown,Corporate,23456.0,New York,Illinois,United States,East,USCA,PROD-8639,Office Supplies,Tables,Product C,3636.79,2,0.2,780.38,19.91,Low
503,CA-2016-ORD92404,05/17/2017,05/18/2017,Same Day,CUST-4359,Bob Johnson,Corporate,34567.0,New York,Illinois,United States,South,USCA,PROD-7210,Furniture,Chairs,Product A,547.5,2,0.3,452.28,185.29,High
504,CA-2016-ORD87220,05/18/2017,05/19/2017,Same Day,CUST-3042,Charlie Brown,Corporate,12345.0,Austin,Illinois,United States,South,USCA,PROD-1244,Office Supplies,Phones,Product B,664.83,3,0.1,107.39,93.29,Low
505,CA-2013-ORD96755,05/19/2017,05/20/2017,Standard Class,CUST-6072,Bob Johnson,Corporate,34567.0,Chicago,Texas,United States,Central,USCA,PROD-3814,Office Supplies,Phones,Product A,3307.42,4,0.3,30.39,132.64,Medium
506,CA-2016-ORD67994,05/20/2017,05/21/2017,Second Class,CUST-4205,Bob Johnson,Home Office,23456.0,Austin,New York,United States,East,USCA,PROD-6120,Technology,Chairs,Product A,4375.28,6,0.2,347.49,165.04,Low
507,CA-2016-ORD42111,05/21/2017,05/22/2017,Standard Class,CUST-2475,Bob Johnson,Home Office,23456.0,New York,Illinois,United States,East,USCA,PROD-4500,Technology,Tables,Product C,2776.52,2,0.2,480.74,57.95,Low
508,CA-2014-ORD85324,05/22/2017,05/23/2017,First Class,CUST-8451,Diana Ross,Consumer,23456.0,San Francisco,California,United States,East,USCA,PROD-2467,Furniture,Tables,Product A,3239.94,9,0.2,904.98,109.75,High
509,CA-2013-ORD51708,05/23/2017,05/24/2017,Second Class,CUST-7819,Charlie Brown,Consumer,,Austin,Texas,United States,South,USCA,PROD-6851,Furniture,Chairs,Product A,1176.36,8,0.1,-405.32,25.36,Medium
510,CA-2015-ORD15817,05/24/2017,05/25/2017,First Class,CUST-8740,Bob Johnson,Corporate,12345.0,Chicago,Texas,United States,West,USCA,PROD-8072,Office Supplies,Binders,Product A,207.23,5,0.3,39.56,53.21,Low
511,CA-2016-ORD54780,05/25/2017,05/26/2017,First Class,CUST-5322,Alice Smith,Corporate,,San Francisco,Illinois,United States,East,USCA,PROD-7629,Furniture,Chairs,Product B,875.29,6,0.2,837.8,127.33,Low
512,CA-2013-ORD16947,05/26/2017,05/27/2017,First Class,CUST-1347,Bob Johnson,Home Office,,Austin,Texas,United States,East,USCA,PROD-9739,Office Supplies,Phones,Product A,4726.29,9,0.0,392.59,166.47,Critical
513,CA-2013-ORD25307,05/27/2017,05/28/2017,Same Day,CUST-7385,Bob Johnson,Corporate,23456.0,San Francisco,Illinois,United States,East,USCA,PROD-3750,Furniture,Chairs,Product A,834.89,4,0.0,-115.13,8.2,High
514,CA-2014-ORD81140,05/28/2017,05/29/2017,Same Day,CUST-6053,Diana Ross,Home Office,23456.0,Austin,California,United States,West,USCA,PROD-1888,Furniture,Chairs,Product A,1896.2,7,0.2,984.35,83.32,High
515,CA-2015-ORD86438,05/29/2017,05/30/2017,Standard Class,CUST-1751,Bob Johnson,Home Office,12345.0,Austin,Illinois,United States,West,USCA,PROD-5227,Furniture,Tables,Product B,2790.3,5,0.0,508.2,99.99,Medium
516,CA-2013-ORD40577,05/30/2017,05/31/2017,Second Class,CUST-9426,Bob Johnson,Corporate,34567.0,New York,California,United States,West,USCA,PROD-6928,Technology,Phones,Product A,1451.84,7,0.0,251.35,67.53,High
517,CA-2013-ORD55400,05/31/2017,06/01/2017,Second Class,CUST-1982,Bob Johnson,Corporate,23456.0,Austin,Illinois,United States,Central,USCA,PROD-7552,Technology,Phones,Product A,4034.76,7,0.3,-181.91,18.01,Medium
518,CA-2013-ORD72976,06/01/2017,06/02/2017,Second Class,CUST-7148,Bob Johnson,Corporate,,New York,California,United States,South,USCA,PROD-5520,Furniture,Binders,Product A,186.61,5,0.3,184.36,112.24,Medium
519,CA-2013-ORD21091,06/02/2017,06/03/2017,First Class,CUST-4651,Diana Ross,Consumer,,Austin,Illinois,United States,West,USCA,PROD-6662,Office Supplies,Binders,Product C,336.18,3,0.1,47.59,157.57,Critical
520,CA-2016-ORD99405,06/03/2017,06/04/2017,Second Class,CUST-9244,Bob Johnson,Consumer,23456.0,Austin,New York,United States,South,USCA,PROD-6557,Furniture,Chairs,Product A,4772.45,3,0.1,128.01,24.86,Medium
521,CA-2013-ORD14390,06/04/2017,06/05/2017,First Class,CUST-2599,Alice Smith,Home Office,,Chicago,Illinois,United States,East,USCA,PROD-3708,Technology,Chairs,Product A,441.03,1,0.2,113.64,96.49,High
522,CA-2013-ORD66833,06/05/2017,06/06/2017,Same Day,CUST-8948,Charlie Brown,Home Office,23456.0,Chicago,California,United States,South,USCA,PROD-1478,Technology,Phones,Product C,2695.47,5,0.1,30.21,50.17,Critical
523,CA-2013-ORD58355,06/06/2017,06/07/2017,Same Day,CUST-3326,Charlie Brown,Corporate,12345.0,San Francisco,California,United States,East,USCA,PROD-9809,Furniture,Chairs,Product C,1504.73,5,0.3,931.87,47.85,Medium
524,CA-2014-ORD79704,06/07/2017,06/08/2017,First Class,CUST-5985,Diana Ross,Corporate,,Chicago,Illinois,United States,Central,USCA,PROD-7711,Office Supplies,Binders,Product B,2176.26,5,0.2,458.81,164.18,High
525,CA-2016-ORD88412,06/08/2017,06/09/2017,Standard Class,CUST-4845,Alice Smith,Consumer,12345.0,San Francisco,Texas,United States,West,USCA,PROD-7654,Office Supplies,Phones,Product B,2140.34,9,0.0,968.89,116.99,Low
526,CA-2016-ORD85042,06/09/2017,06/10/2017,Standard Class,CUST-3986,Bob Johnson,Home Office,34567.0,New York,California,United States,East,USCA,PROD-2305,Technology,Chairs,Product A,2496.2,2,0.3,318.3,94.6,Low
527,CA-2015-ORD72803,06/10/2017,06/11/2017,Second Class,CUST-1900,Alice Smith,Consumer,,Chicago,New York,United States,Central,USCA,PROD-9663,Furniture,Chairs,Product B,858.39,4,0.0,905.46,31.85,Critical
528,CA-2013-ORD38267,06/11/2017,06/12/2017,Standard Class,CUST-7210,Alice Smith,Corporate,23456.0,Chicago,Illinois,United States,East,USCA,PROD-1144,Office Supplies,Chairs,Product C,240.15,2,0.3,301.53,79.92,High
529,CA-2013-ORD80859,06/12/2017,06/13/2017,Standard Class,CUST-5671,Charlie Brown,Consumer,12345.0,New York,New York,United States,West,USCA,PROD-2830,Office Supplies,Binders,Product A,1119.52,8,0.1,664.88,121.04,Low
530,CA-2015-ORD62313,06/13/2017,06/14/2017,Second Class,CUST-5902,Bob Johnson,Home Office,,Austin,Texas,United States,East,USCA,PROD-3130,Furniture,Phones,Product B,2907.29,6,0.3,-483.1,161.11,Medium
531,CA-2015-ORD30136,06/14/2017,06/15/2017,First Class,CUST-6559,Alice Smith,Corporate,12345.0,Austin,New York,United States,South,USCA,PROD-5763,Technology,Chairs,Product B,4589.96,5,0.2,-300.06,129.95,Critical
532,CA-2013-ORD75089,06/15/2017,06/16/2017,Standard Class,CUST-5327,Alice Smith,Consumer,,San Francisco,Illinois,United States,West,USCA,PROD-5995,Office Supplies,Binders,Product B,2559.92,6,0.2,544.71,102.9,Critical
533,CA-2013-ORD71805,06/16/2017,06/17/2017,Standard Class,CUST-3692,Bob Johnson,Corporate,34567.0,San Francisco,Illinois,United States,South,USCA,PROD-7414,Technology,Binders,Product B,3050.91,3,0.1,-447.84,35.35,Low
534,CA-2015-ORD40636,06/17/2017,06/18/2017,Second Class,CUST-3794,Bob Johnson,Consumer,23456.0,New York,New York,United States,West,USCA,PROD-1101,Furniture,Binders,Product A,989.45,6,0.2,414.87,107.68,Critical
535,CA-2014-ORD90414,06/18/2017,06/19/2017,Second Class,CUST-1766,Alice Smith,Corporate,34567.0,Austin,New York,United States,Central,USCA,PROD-4987,Furniture,Chairs,Product B,4889.54,1,0.3,550.31,9.93,Medium
536,CA-2015-ORD28027,06/19/2017,06/20/2017,Standard Class,CUST-9886,Charlie Brown,Consumer,,San Francisco,Texas,United States,Central,USCA,PROD-1614,Office Supplies,Binders,Product A,3977.14,3,0.3,-427.22,20.42,High
537,CA-2015-ORD48177,06/20/2017,06/21/2017,First Class,CUST-6709,Alice Smith,Corporate,12345.0,Chicago,New York,United States,West,USCA,PROD-9895,Furniture,Binders,Product C,1512.37,5,0.3,-375.93,151.15,Low
538,CA-2015-ORD96217,06/21/2017,06/22/2017,Second Class,CUST-4430,Charlie Brown,Consumer,12345.0,San Francisco,California,United States,West,USCA,PROD-7705,Office Supplies,Tables,Product A,1816.12,5,0.0,25.59,121.83,Medium
539,CA-2015-ORD42082,06/22/2017,06/23/2017,Second Class,CUST-2905,Bob Johnson,Consumer,34567.0,Austin,Texas,United States,South,USCA,PROD-2813,Technology,Phones,Product C,4550.61,3,0.3,-396.07,193.36,Low
540,CA-2013-ORD54679,06/23/2017,06/24/2017,Standard Class,CUST-4515,Charlie Brown,Consumer,34567.0,New York,New York,United States,East,USCA,PROD-7243,Office Supplies,Phones,Product C,4742.08,7,0.3,786.75,139.74,Critical
541,CA-2015-ORD49311,06/24/2017,06/25/2017,Second Class,CUST-6285,Diana Ross,Home Office,,Chicago,Illinois,United States,East,USCA,PROD-6963,Office Supplies,Tables,Product A,2920.11,7,0.2,742.78,13.79,Critical
542,CA-2015-ORD37577,06/25/2017,06/26/2017,Second Class,CUST-7000,Bob Johnson,Consumer,12345.0,Austin,Illinois,United States,East,USCA,PROD-9820,Office Supplies,Phones,Product C,550.85,5,0.2,-21.78,181.22,Medium
543,CA-2014-ORD86194,06/26/2017,06/27/2017,Standard Class,CUST-5196,Diana Ross,Consumer,23456.0,New York,Texas,United States,West,USCA,PROD-2035,Furniture,Binders,Product C,1025.34,3,0.2,11.34,183.88,Low
544,CA-2013-ORD55033,06/27/2017,06/28/2017,First Class,CUST-7426,Alice Smith,Home Office,12345.0,Chicago,Texas,United States,Central,USCA,PROD-9435,Technology,Phones,Product A,154.34,5,0.2,988.33,111.54,Critical
545,CA-2015-ORD96105,06/28/2017,06/29/2017,Second Class,CUST-8566,Bob Johnson,Consumer,23456.0,Chicago,Texas,United States,West,USCA,PROD-1625,Furniture,Binders,Product A,3180.21,4,0.1,827.07,105.57,Medium
546,CA-2014-ORD59577,06/29/2017,06/30/2017,Same Day,CUST-5591,Diana Ross,Consumer,,New York,California,United States,South,USCA,PROD-1495,Technology,Binders,Product A,501.47,8,0.1,969.6,170.92,High
547,CA-2016-ORD97074,06/30/2017,07/01/2017,Standard Class,CUST-5293,Bob Johnson,Corporate,,Chicago,Texas,United States,West,USCA,PROD-6376,Furniture,Tables,Product A,2851.29,5,0.0,529.62,13.96,Medium
548,CA-2014-ORD63311,07/01/2017,07/02/2017,Second Class,CUST-3109,Alice Smith,Home Office,12345.0,New York,California,United States,West,USCA,PROD-2059,Office Supplies,Tables,Product B,703.46,5,0.2,775.89,82.8,High
549,CA-2016-ORD50381,07/02/2017,07/03/2017,First Class,CUST-9654,Diana Ross,Corporate,12345.0,San Francisco,California,United States,West,USCA,PROD-4046,Furniture,Tables,Product C,1185.92,9,0.1,93.96,146.51,High
550,CA-2015-ORD90833,07/03/2017,07/04/2017,Second Class,CUST-1157,Charlie Brown,Consumer,12345.0,New York,New York,United States,East,USCA,PROD-3703,Office Supplies,Binders,Product C,551.52,3,0.3,433.89,22.95,Medium
551,CA-2014-ORD32964,07/04/2017,07/05/2017,Same Day,CUST-5563,Charlie Brown,Consumer,34567.0,Austin,Illinois,United States,Central,USCA,PROD-2718,Furniture,Binders,Product A,395.15,2,0.3,711.87,35.6,Low
552,CA-2014-ORD72737,07/05/2017,07/06/2017,Same Day,CUST-5797,Charlie Brown,Corporate,,Austin,California,United States,West,USCA,PROD-8219,Furniture,Binders,Product C,4734.41,1,0.0,969.71,189.4,Medium
553,CA-2015-ORD50908,07/06/2017,07/07/2017,First Class,CUST-2985,Alice Smith,Consumer,,New York,Texas,United States,South,USCA,PROD-2780,Furniture,Tables,Product B,2641.23,3,0.3,267.91,152.45,Critical
554,CA-2015-ORD23105,07/07/2017,07/08/2017,Same Day,CUST-3307,Diana Ross,Home Office,34567.0,Chicago,Texas,United States,Central,USCA,PROD-9965,Furniture,Chairs,Product B,926.19,9,0.1,-0.82,19.3,Medium
555,CA-2013-ORD41495,07/08/2017,07/09/2017,Same Day,CUST-2185,Diana Ross,Home Office,34567.0,New York,California,United States,West,USCA,PROD-3396,Furniture,Binders,Product B,4669.12,7,0.2,583.83,154.81,Critical
556,CA-2013-ORD90735,07/09/2017,07/10/2017,Same Day,CUST-8567,Alice Smith,Corporate,34567.0,New York,California,United States,Central,USCA,PROD-4903,Technology,Chairs,Product B,373.39,3,0.2,756.73,92.55,Low
557,CA-2013-ORD69395,07/10/2017,07/11/2017,Same Day,CUST-3497,Charlie Brown,Consumer,12345.0,New York,California,United States,West,USCA,PROD-9173,Furniture,Tables,Product B,3516.0,3,0.1,-448.34,53.06,Low
558,CA-2013-ORD43112,07/11/2017,07/12/2017,Second Class,CUST-3376,Charlie Brown,Home Office,34567.0,Chicago,Texas,United States,West,USCA,PROD-2033,Technology,Binders,Product C,4637.19,7,0.0,421.1,26.41,Medium
559,CA-2014-ORD17085,07/12/2017,07/13/2017,Standard Class,CUST-9778,Charlie Brown,Corporate,,Chicago,California,United States,East,USCA,PROD-7305,Technology,Chairs,Product A,1437.64,2,0.2,-427.31,170.16,Critical
560,CA-2016-ORD79854,07/13/2017,07/14/2017,First Class,CUST-7706,Alice Smith,Consumer,23456.0,San Francisco,California,United States,Central,USCA,PROD-7668,Office Supplies,Tables,Product A,4604.01,5,0.0,153.32,172.41,Low
561,CA-2013-ORD59905,07/14/2017,07/15/2017,First Class,CUST-7009,Bob Johnson,Home Office,34567.0,Chicago,New York,United States,East,USCA,PROD-3131,Office Supplies,Tables,Product A,1744.74,6,0.3,-339.68,80.36,High
562,CA-2013-ORD49079,07/15/2017,07/16/2017,First Class,CUST-6078,Alice Smith,Consumer,,Austin,Illinois,United States,West,USCA,PROD-3793,Technology,Binders,Product B,2829.63,7,0.3,515.96,171.13,Critical
563,CA-2013-ORD21920,07/16/2017,07/17/2017,Same Day,CUST-8714,Alice Smith,Corporate,23456.0,Chicago,Texas,United States,Central,USCA,PROD-1521,Furniture,Phones,Product B,4870.4,4,0.1,626.72,58.42,Critical
564,CA-2016-ORD42959,07/17/2017,07/18/2017,Standard Class,CUST-2331,Diana Ross,Consumer,12345.0,San Francisco,California,United States,East,USCA,PROD-6499,Office Supplies,Tables,Product B,1795.06,8,0.1,499.71,17.94,Low
565,CA-2013-ORD14606,07/18/2017,07/19/2017,Standard Class,CUST-7168,Charlie Brown,Home Office,23456.0,New York,New York,United States,Central,USCA,PROD-4303,Furniture,Chairs,Product C,2837.93,3,0.1,470.8,122.73,Critical
566,CA-2014-ORD85820,07/19/2017,07/20/2017,First Class,CUST-5098,Alice Smith,Consumer,23456.0,Austin,New York,United States,South,USCA,PROD-8109,Technology,Phones,Product C,794.37,1,0.1,967.61,156.12,Critical
567,CA-2016-ORD83131,07/20/2017,07/21/2017,Standard Class,CUST-3222,Charlie Brown,Consumer,12345.0,Chicago,New York,United States,East,USCA,PROD-8002,Furniture,Binders,Product A,4274.55,2,0.0,224.22,18.29,Medium
568,CA-2016-ORD57226,07/21/2017,07/22/2017,Second Class,CUST-9630,Charlie Brown,Home Office,34567.0,Chicago,California,United States,Central,USCA,PROD-7143,Office Supplies,Phones,Product B,2671.36,5,0.0,449.94,56.37,Medium
569,CA-2013-ORD24623,07/22/2017,07/23/2017,Same Day,CUST-2629,Bob Johnson,Consumer,23456.0,Austin,California,United States,South,USCA,PROD-4872,Office Supplies,Binders,Product A,1141.95,6,0.3,569.36,24.63,Low
570,CA-2014-ORD16424,07/23/2017,07/24/2017,First Class,CUST-3301,Charlie Brown,Corporate,12345.0,Austin,New York,United States,South,USCA,PROD-1966,Office Supplies,Phones,Product C,2394.14,3,0.1,248.4,41.99,Medium
571,CA-2015-ORD26541,07/24/2017,07/25/2017,Second Class,CUST-1423,Diana Ross,Consumer,23456.0,Chicago,Texas,United States,West,USCA,PROD-5972,Office Supplies,Phones,Product B,1180.29,7,0.1,-13.26,96.16,Medium
572,CA-2013-ORD95913,07/25/2017,07/26/2017,Same Day,CUST-6533,Charlie Brown,Corporate,23456.0,San Francisco,California,United States,East,USCA,PROD-8399,Technology,Tables,Product B,3372.43,1,0.0,324.92,115.69,Critical
573,CA-2013-ORD63065,07/26/2017,07/27/2017,Second Class,CUST-9577,Bob Johnson,Corporate,23456.0,San Francisco,California,United States,South,USCA,PROD-9242,Furniture,Chairs,Product C,653.53,4,0.3,-48.8,185.25,Low
574,CA-2016-ORD99993,07/27/2017,07/28/2017,First Class,CUST-5760,Bob Johnson,Home Office,,Chicago,Texas,United States,West,USCA,PROD-7318,Furniture,Phones,Product A,1375.79,4,0.0,364.91,148.01,Low
575,CA-2015-ORD74791,07/28/2017,07/29/2017,First Class,CUST-2524,Bob Johnson,Corporate,23456.0,New York,Illinois,United States,South,USCA,PROD-8948,Technology,Phones,Product B,435.31,5,0.3,919.96,127.76,Critical
576,CA-2014-ORD72042,07/29/2017,07/30/2017,Standard Class,CUST-2283,Alice Smith,Corporate,23456.0,San Francisco,California,United States,South,USCA,PROD-7255,Furniture,Chairs,Product B,3611.38,1,0.3,767.54,34.41,Critical
577,CA-2013-ORD33164,07/30/2017,07/31/2017,Same Day,CUST-3339,Charlie Brown,Home Office,23456.0,Chicago,New York,United States,West,USCA,PROD-3147,Furniture,Phones,Product B,1220.74,8,0.1,260.19,123.31,High
578,CA-2015-ORD54328,07/31/2017,08/01/2017,Standard Class,CUST-3160,Alice Smith,Home Office,34567.0,San Francisco,Texas,United States,West,USCA,PROD-8102,Office Supplies,Chairs,Product B,3287.53,7,0.3,399.47,121.78,Critical
579,CA-2013-ORD25476,08/01/2017,08/02/2017,Second Class,CUST-6549,Charlie Brown,Home Office,,Austin,Texas,United States,South,USCA,PROD-7153,Office Supplies,Binders,Product C,1092.77,9,0.0,-335.02,49.04,Low
580,CA-2016-ORD22565,08/02/2017,08/03/2017,First Class,CUST-2044,Alice Smith,Home Office,34567.0,Austin,California,United States,West,USCA,PROD-8912,Technology,Tables,Product B,3905.17,5,0.1,42.51,162.03,Critical
581,CA-2013-ORD20125,08/03/2017,08/04/2017,First Class,CUST-5109,Charlie Brown,Home Office,23456.0,San Francisco,Texas,United States,East,USCA,PROD-2572,Technology,Binders,Product C,3194.05,1,0.0,-87.92,110.65,High
582,CA-2016-ORD75481,08/04/2017,08/05/2017,Standard Class,CUST-2579,Diana Ross,Consumer,23456.0,Austin,New York,United States,Central,USCA,PROD-4686,Technology,Chairs,Product C,4666.69,3,0.2,-285.87,129.7,Critical
583,CA-2014-ORD67261,08/05/2017,08/06/2017,Standard Class,CUST-2623,Bob Johnson,Corporate,23456.0,New York,Texas,United States,East,USCA,PROD-1602,Technology,Chairs,Product B,4852.83,3,0.3,204.25,39.8,Critical
584,CA-2014-ORD40393,08/06/2017,08/07/2017,First Class,CUST-5338,Bob Johnson,Corporate,23456.0,Chicago,Texas,United States,East,USCA,PROD-1128,Technology,Binders,Product B,3934.16,7,0.2,913.38,166.12,High
585,CA-2015-ORD64905,08/07/2017,08/08/2017,Second Class,CUST-4535,Alice Smith,Home Office,34567.0,New York,California,United States,East,USCA,PROD-1542,Office Supplies,Phones,Product A,2722.21,9,0.0,-467.35,163.94,High
586,CA-2016-ORD50347,08/08/2017,08/09/2017,Standard Class,CUST-7087,Charlie Brown,Home Office,,New York,California,United States,Central,USCA,PROD-4148,Office Supplies,Phones,Product A,3115.15,5,0.3,756.11,113.76,Medium
587,CA-2014-ORD74875,08/09/2017,08/10/2017,First Class,CUST-3615,Bob Johnson,Home Office,23456.0,New York,New York,United States,South,USCA,PROD-8545,Furniture,Tables,Product C,4120.79,6,0.0,547.52,29.35,High
588,CA-2016-ORD34064,08/10/2017,08/11/2017,Standard Class,CUST-8602,Diana Ross,Consumer,34567.0,Austin,Illinois,United States,South,USCA,PROD-5521,Office Supplies,Binders,Product C,1419.0,3,0.2,523.28,50.75,Low
589,CA-2014-ORD40370,08/11/2017,08/12/2017,First Class,CUST-9944,Alice Smith,Consumer,23456.0,New York,Illinois,United States,East,USCA,PROD-7984,Office Supplies,Binders,Product A,70.73,8,0.2,120.08,129.56,Low
590,CA-2015-ORD39096,08/12/2017,08/13/2017,Standard Class,CUST-7240,Bob Johnson,Consumer,12345.0,Chicago,California,United States,East,USCA,PROD-4606,Furniture,Chairs,Product C,4283.14,8,0.0,889.96,98.38,Critical
591,CA-2013-ORD63866,08/13/2017,08/14/2017,Same Day,CUST-8693,Bob Johnson,Consumer,12345.0,New York,Texas,United States,South,USCA,PROD-8699,Office Supplies,Chairs,Product A,350.41,8,0.1,63.45,165.83,Low
592,CA-2015-ORD10820,08/14/2017,08/15/2017,Same Day,CUST-5549,Diana Ross,Corporate,23456.0,Austin,New York,United States,Central,USCA,PROD-8192,Furniture,Phones,Product C,3720.07,4,0.2,467.22,105.9,Medium
593,CA-2016-ORD39638,08/15/2017,08/16/2017,Same Day,CUST-4772,Charlie Brown,Home Office,12345.0,San Francisco,New York,United States,Central,USCA,PROD-5481,Technology,Binders,Product A,4570.61,2,0.1,182.85,31.37,Medium
594,CA-2016-ORD21711,08/16/2017,08/17/2017,Same Day,CUST-8708,Diana Ross,Home Office,12345.0,New York,Illinois,United States,East,USCA,PROD-4051,Furniture,Tables,Product B,1438.77,9,0.1,736.06,111.66,Critical
595,CA-2014-ORD56473,08/17/2017,08/18/2017,Same Day,CUST-7178,Alice Smith,Corporate,12345.0,Austin,New York,United States,Central,USCA,PROD-5199,Technology,Tables,Product A,871.87,7,0.3,-141.88,166.74,Low
596,CA-2013-ORD45692,08/18/2017,08/19/2017,Same Day,CUST-6677,Charlie Brown,Corporate,,Chicago,California,United States,East,USCA,PROD-1337,Furniture,Tables,Product A,728.69,2,0.2,-450.14,127.07,Critical
597,CA-2014-ORD75132,08/19/2017,08/20/2017,Second Class,CUST-5496,Bob Johnson,Corporate,34567.0,San Francisco,California,United States,West,USCA,PROD-1612,Office Supplies,Phones,Product B,3414.76,1,0.3,-65.45,109.44,High
598,CA-2014-ORD10296,08/20/2017,08/21/2017,First Class,CUST-4749,Alice Smith,Corporate,12345.0,Chicago,Illinois,United States,South,USCA,PROD-2628,Office Supplies,Binders,Product C,2706.35,3,0.1,810.25,53.69,Medium
599,CA-2013-ORD21831,08/21/2017,08/22/2017,Standard Class,CUST-3476,Alice Smith,Corporate,23456.0,San Francisco,New York,United States,South,USCA,PROD-4944,Office Supplies,Binders,Product C,1683.22,1,0.1,-418.42,87.69,Low
600,CA-2015-ORD22408,08/22/2017,08/23/2017,Second Class,CUST-4473,Alice Smith,Home Office,34567.0,New York,California,United States,South,USCA,PROD-4452,Furniture,Chairs,Product C,4886.71,3,0.1,766.0,12.46,Medium
601,CA-2015-ORD18424,08/23/2017,08/24/2017,Second Class,CUST-1457,Alice Smith,Home Office,,San Francisco,Illinois,United States,Central,USCA,PROD-4266,Furniture,Tables,Product C,1910.54,4,0.3,-448.74,154.33,Medium
602,CA-2013-ORD98219,08/24/2017,08/25/2017,Standard Class,CUST-2708,Alice Smith,Home Office,,San Francisco,Illinois,United States,South,USCA,PROD-3839,Furniture,Chairs,Product A,4320.18,2,0.1,660.09,6.47,Low
603,CA-2013-ORD47495,08/25/2017,08/26/2017,First Class,CUST-9527,Bob Johnson,Home Office,,San Francisco,Illinois,United States,East,USCA,PROD-5530,Furniture,Tables,Product A,4175.1,9,0.1,-287.74,128.29,Critical
604,CA-2013-ORD11017,08/26/2017,08/27/2017,Same Day,CUST-8067,Bob Johnson,Consumer,34567.0,Austin,Illinois,United States,West,USCA,PROD-8284,Furniture,Chairs,Product A,4661.65,1,0.0,-348.48,91.12,Critical
605,CA-2016-ORD14103,08/27/2017,08/28/2017,Second Class,CUST-5327,Alice Smith,Home Office,,Chicago,California,United States,West,USCA,PROD-1923,Technology,Tables,Product C,2335.5,4,0.0,-324.11,197.89,High
606,CA-2015-ORD74667,08/28/2017,08/29/2017,Standard Class,CUST-9848,Charlie Brown,Home Office,23456.0,San Francisco,Texas,United States,Central,USCA,PROD-5519,Furniture,Chairs,Product C,1945.98,2,0.2,143.02,104.23,Low
607,CA-2014-ORD52864,08/29/2017,08/30/2017,Same Day,CUST-4968,Alice Smith,Corporate,23456.0,New York,New York,United States,East,USCA,PROD-6491,Furniture,Phones,Product B,2060.35,8,0.3,16.04,102.66,Critical
608,CA-2013-ORD70027,08/30/2017,08/31/2017,Same Day,CUST-2282,Charlie Brown,Consumer,12345.0,New York,Illinois,United States,West,USCA,PROD-2443,Office Supplies,Chairs,Product C,400.26,5,0.2,443.87,19.07,Low
609,CA-2015-ORD25585,08/31/2017,09/01/2017,Standard Class,CUST-1815,Alice Smith,Consumer,,San Francisco,New York,United States,East,USCA,PROD-2691,Technology,Tables,Product A,207.79,3,0.3,56.82,164.39,Critical
610,CA-2016-ORD48788,09/01/2017,09/02/2017,First Class,CUST-7093,Diana Ross,Home Office,12345.0,New York,Illinois,United States,West,USCA,PROD-3357,Technology,Tables,Product B,4865.92,4,0.2,-155.64,44.4,Low
611,CA-2015-ORD71217,09/02/2017,09/03/2017,Second Class,CUST-7081,Charlie Brown,Consumer,,San Francisco,New York,United States,West,USCA,PROD-5400,Technology,Tables,Product C,2452.63,2,0.3,-196.54,40.08,High
612,CA-2016-ORD47048,09/03/2017,09/04/2017,Standard Class,CUST-7653,Bob Johnson,Home Office,12345.0,Chicago,New York,United States,South,USCA,PROD-4246,Furniture,Binders,Product B,1833.09,2,0.2,117.96,85.14,Medium
613,CA-2015-ORD60762,09/04/2017,09/05/2017,Same Day,CUST-7652,Bob Johnson,Corporate,12345.0,Chicago,California,United States,South,USCA,PROD-4866,Office Supplies,Binders,Product B,3739.47,4,0.1,-267.86,194.88,High
614,CA-2015-ORD88237,09/05/2017,09/06/2017,Second Class,CUST-7484,Diana Ross,Corporate,,Austin,New York,United States,East,USCA,PROD-8795,Technology,Tables,Product A,3143.62,8,0.2,59.26,119.99,Low
615,CA-2016-ORD20519,09/06/2017,09/07/2017,Standard Class,CUST-6877,Charlie Brown,Consumer,23456.0,New York,California,United States,West,USCA,PROD-7379,Office Supplies,Chairs,Product C,4658.75,1,0.2,304.89,127.16,Low
616,CA-2016-ORD39297,09/07/2017,09/08/2017,First Class,CUST-6111,Bob Johnson,Corporate,,Chicago,Illinois,United States,South,USCA,PROD-9076,Furniture,Chairs,Product A,169.39,8,0.2,-142.78,118.07,Critical
617,CA-2013-ORD71559,09/08/2017,09/09/2017,Same Day,CUST-5266,Alice Smith,Home Office,23456.0,New York,Texas,United States,East,USCA,PROD-9172,Technology,Chairs,Product C,1387.88,3,0.1,-339.16,27.16,Medium
618,CA-2014-ORD61950,09/09/2017,09/10/2017,First Class,CUST-2123,Charlie Brown,Home Office,23456.0,Chicago,New York,United States,West,USCA,PROD-2212,Office Supplies,Phones,Product B,3334.5,8,0.1,386.96,15.31,Low
619,CA-2015-ORD25381,09/10/2017,09/11/2017,Standard Class,CUST-9627,Alice Smith,Home Office,34567.0,Austin,California,United States,West,USCA,PROD-9887,Office Supplies,Phones,Product C,1348.73,8,0.1,269.36,56.64,Medium
620,CA-2013-ORD39981,09/11/2017,09/12/2017,First Class,CUST-6177,Alice Smith,Home Office,23456.0,Chicago,Texas,United States,Central,USCA,PROD-8701,Technology,Binders,Product A,410.96,9,0.3,-123.88,89.72,High
621,CA-2014-ORD29461,09/12/2017,09/13/2017,Same Day,CUST-5205,Bob Johnson,Home Office,,Chicago,Illinois,United States,South,USCA,PROD-9648,Furniture,Tables,Product B,670.83,2,0.0,669.3,66.95,High
622,CA-2014-ORD56090,09/13/2017,09/14/2017,Same Day,CUST-6633,Bob Johnson,Corporate,12345.0,New York,California,United States,East,USCA,PROD-4748,Office Supplies,Chairs,Product C,1904.84,3,0.2,-6.21,130.27,Low
623,CA-2015-ORD81381,09/14/2017,09/15/2017,Second Class,CUST-8497,Charlie Brown,Home Office,23456.0,San Francisco,Texas,United States,West,USCA,PROD-1570,Furniture,Phones,Product C,1742.69,5,0.2,-37.35,54.08,Critical
624,CA-2015-ORD83604,09/15/2017,09/16/2017,Same Day,CUST-1171,Bob Johnson,Corporate,34567.0,Austin,New York,United States,South,USCA,PROD-2254,Office Supplies,Phones,Product B,905.23,2,0.1,921.04,61.29,Low
625,CA-2013-ORD82844,09/16/2017,09/17/2017,First Class,CUST-5235,Alice Smith,Consumer,,New York,Illinois,United States,West,USCA,PROD-9364,Technology,Chairs,Product B,4110.42,1,0.0,-448.14,68.85,Critical
626,CA-2015-ORD12049,09/17/2017,09/18/2017,First Class,CUST-8546,Charlie Brown,Home Office,12345.0,Chicago,New York,United States,East,USCA,PROD-6359,Office Supplies,Phones,Product A,4964.76,7,0.0,-331.33,123.48,High
627,CA-2013-ORD15652,09/18/2017,09/19/2017,Standard Class,CUST-6033,Diana Ross,Corporate,23456.0,Chicago,California,United States,East,USCA,PROD-6225,Technology,Binders,Product A,37.06,8,0.2,-431.42,185.95,Critical
628,CA-2016-ORD22726,09/19/2017,09/20/2017,Same Day,CUST-8545,Bob Johnson,Corporate,34567.0,Austin,New York,United States,East,USCA,PROD-4591,Office Supplies,Chairs,Product C,2511.99,9,0.2,136.79,166.28,High
629,CA-2013-ORD54663,09/20/2017,09/21/2017,Second Class,CUST-1519,Bob Johnson,Consumer,34567.0,Austin,Texas,United States,South,USCA,PROD-6504,Furniture,Tables,Product A,4963.34,6,0.2,-189.78,120.42,Critical
630,CA-2013-ORD59938,09/21/2017,09/22/2017,Standard Class,CUST-6341,Diana Ross,Home Office,34567.0,New York,New York,United States,South,USCA,PROD-9132,Office Supplies,Chairs,Product B,4018.64,8,0.2,153.02,151.53,Low
631,CA-2016-ORD49377,09/22/2017,09/23/2017,First Class,CUST-6307,Charlie Brown,Consumer,34567.0,San Francisco,Illinois,United States,Central,USCA,PROD-6615,Furniture,Tables,Product B,3711.2,6,0.2,871.68,23.44,Low
632,CA-2015-ORD29733,09/23/2017,09/24/2017,First Class,CUST-5594,Charlie Brown,Home Office,23456.0,Austin,Texas,United States,Central,USCA,PROD-1672,Office Supplies,Binders,Product C,2804.32,3,0.1,640.38,156.84,High
633,CA-2016-ORD88279,09/24/2017,09/25/2017,First Class,CUST-8327,Diana Ross,Consumer,23456.0,Austin,California,United States,South,USCA,PROD-9731,Office Supplies,Tables,Product B,167.6,5,0.1,207.76,41.69,Medium
634,CA-2013-ORD25620,09/25/2017,09/26/2017,Same Day,CUST-6588,Bob Johnson,Home Office,,San Francisco,Texas,United States,East,USCA,PROD-9227,Furniture,Phones,Product B,699.91,9,0.1,257.38,40.02,Low
635,CA-2013-ORD29535,09/26/2017,09/27/2017,Second Class,CUST-9323,Alice Smith,Home Office,12345.0,Austin,Illinois,United States,East,USCA,PROD-2294,Technology,Chairs,Product B,4335.32,3,0.0,-417.64,50.11,High
636,CA-2013-ORD34891,09/27/2017,09/28/2017,Same Day,CUST-1716,Bob Johnson,Corporate,34567.0,San Francisco,California,United States,West,USCA,PROD-4535,Furniture,Tables,Product C,4754.59,4,0.3,-117.17,143.37,Low
637,CA-2013-ORD86882,09/28/2017,09/29/2017,First Class,CUST-8708,Charlie Brown,Consumer,,San Francisco,Texas,United States,East,USCA,PROD-5211,Technology,Phones,Product C,573.33,9,0.3,485.92,62.37,Low
638,CA-2016-ORD98926,09/29/2017,09/30/2017,First Class,CUST-1650,Bob Johnson,Corporate,34567.0,New York,Illinois,United States,Central,USCA,PROD-2568,Furniture,Binders,Product B,2182.35,8,0.1,277.69,89.3,Critical
639,CA-2015-ORD93032,09/30/2017,10/01/2017,Same Day,CUST-4421,Diana Ross,Consumer,23456.0,San Francisco,Illinois,United States,Central,USCA,PROD-4084,Office Supplies,Binders,Product B,3335.6,5,0.0,33.96,60.9,Medium
640,CA-2015-ORD77132,10/01/2017,10/02/2017,Standard Class,CUST-4704,Bob Johnson,Consumer,12345.0,San Francisco,Texas,United States,East,USCA,PROD-3494,Office Supplies,Binders,Product C,4757.92,9,0.2,939.64,78.41,High
641,CA-2015-ORD86271,10/02/2017,10/03/2017,Same Day,CUST-7872,Charlie Brown,Corporate,23456.0,New York,Texas,United States,West,USCA,PROD-1633,Office Supplies,Phones,Product B,531.77,6,0.2,-218.57,185.42,Critical
642,CA-2013-ORD49312,10/03/2017,10/04/2017,Second Class,CUST-8697,Diana Ross,Corporate,,San Francisco,Illinois,United States,East,USCA,PROD-8631,Furniture,Tables,Product A,3080.98,9,0.2,363.58,34.3,Medium
643,CA-2015-ORD82121,10/04/2017,10/05/2017,Standard Class,CUST-7114,Bob Johnson,Consumer,12345.0,New York,California,United States,South,USCA,PROD-1422,Furniture,Tables,Product B,4100.69,5,0.2,946.05,194.97,Low
644,CA-2014-ORD98904,10/05/2017,10/06/2017,Second Class,CUST-3039,Bob Johnson,Consumer,12345.0,Chicago,New York,United States,Central,USCA,PROD-3806,Technology,Chairs,Product C,1512.62,3,0.3,831.03,122.87,Critical
645,CA-2016-ORD40464,10/06/2017,10/07/2017,Same Day,CUST-9066,Alice Smith,Corporate,23456.0,Austin,Texas,United States,West,USCA,PROD-6202,Furniture,Tables,Product A,4235.43,2,0.1,319.89,46.66,Low
646,CA-2015-ORD60895,10/07/2017,10/08/2017,Second Class,CUST-3455,Diana Ross,Consumer,,San Francisco,New York,United States,West,USCA,PROD-9281,Technology,Binders,Product A,3225.91,4,0.3,-405.72,45.96,Critical
647,CA-2015-ORD83104,10/08/2017,10/09/2017,Second Class,CUST-7444,Bob Johnson,Corporate,12345.0,Chicago,New York,United States,Central,USCA,PROD-2816,Technology,Phones,Product A,2225.72,4,0.0,752.05,153.09,High
648,CA-2014-ORD58440,10/09/2017,10/10/2017,Second Class,CUST-4047,Bob Johnson,Corporate,,Chicago,Texas,United States,West,USCA,PROD-2275,Technology,Chairs,Product A,1943.27,2,0.0,473.87,196.08,High
649,CA-2014-ORD95783,10/10/2017,10/11/2017,Second Class,CUST-1580,Bob Johnson,Home Office,23456.0,Chicago,Texas,United States,West,USCA,PROD-2947,Technology,Phones,Product B,1651.24,3,0.0,569.27,123.76,High
650,CA-2014-ORD21519,10/11/2017,10/12/2017,First Class,CUST-7041,Charlie Brown,Consumer,12345.0,New York,Texas,United States,South,USCA,PROD-3438,Technology,Tables,Product B,1206.48,9,0.1,535.06,28.04,Critical
651,CA-2015-ORD18029,10/12/2017,10/13/2017,First Class,CUST-1055,Diana Ross,Corporate,23456.0,Chicago,Texas,United States,West,USCA,PROD-3761,Technology,Tables,Product C,4686.52,2,0.1,-338.58,25.06,Critical
652,CA-2016-ORD30186,10/13/2017,10/14/2017,First Class,CUST-6307,Bob Johnson,Consumer,34567.0,Chicago,Texas,United States,West,USCA,PROD-8285,Technology,Phones,Product B,2483.37,2,0.3,-474.11,184.33,Low
653,CA-2015-ORD48769,10/14/2017,10/15/2017,Same Day,CUST-5700,Alice Smith,Corporate,,Chicago,California,United States,East,USCA,PROD-6161,Furniture,Tables,Product A,4477.36,8,0.2,-42.63,115.69,High
654,CA-2016-ORD26410,10/15/2017,10/16/2017,Second Class,CUST-4871,Charlie Brown,Corporate,34567.0,San Francisco,California,United States,East,USCA,PROD-2147,Technology,Chairs,Product C,1163.25,6,0.1,-307.62,85.2,Critical
655,CA-2013-ORD63704,10/16/2017,10/17/2017,Same Day,CUST-9488,Diana Ross,Consumer,,New York,Texas,United States,East,USCA,PROD-1763,Technology,Phones,Product B,1486.9,2,0.0,133.69,117.55,Medium
656,CA-2016-ORD30059,10/17/2017,10/18/2017,Second Class,CUST-5443,Alice Smith,Consumer,34567.0,San Francisco,Illinois,United States,Central,USCA,PROD-7457,Technology,Binders,Product C,136.93,4,0.2,752.75,12.48,Critical
657,CA-2016-ORD88655,10/18/2017,10/19/2017,Second Class,CUST-7350,Diana Ross,Home Office,12345.0,New York,New York,United States,South,USCA,PROD-6849,Technology,Phones,Product B,481.37,4,0.0,249.46,20.16,Low
658,CA-2015-ORD97201,10/19/2017,10/20/2017,First Class,CUST-5393,Bob Johnson,Consumer,34567.0,New York,Texas,United States,Central,USCA,PROD-9016,Office Supplies,Phones,Product C,3288.27,3,0.1,661.12,199.13,Medium
659,CA-2016-ORD27521,10/20/2017,10/21/2017,Same Day,CUST-6266,Bob Johnson,Corporate,,New York,California,United States,Central,USCA,PROD-2466,Furniture,Tables,Product C,4935.34,9,0.0,52.52,12.48,High
660,CA-2015-ORD11591,10/21/2017,10/22/2017,Standard Class,CUST-5247,Alice Smith,Corporate,23456.0,Chicago,California,United States,East,USCA,PROD-6981,Office Supplies,Binders,Product B,1381.44,7,0.0,-144.13,105.53,Medium
661,CA-2014-ORD80867,10/22/2017,10/23/2017,First Class,CUST-5823,Bob Johnson,Corporate,12345.0,Austin,New York,United States,East,USCA,PROD-2373,Office Supplies,Chairs,Product C,4543.96,2,0.2,137.18,53.29,Low
662,CA-2016-ORD70434,10/23/2017,10/24/2017,Second Class,CUST-3815,Diana Ross,Home Office,34567.0,Austin,Texas,United States,East,USCA,PROD-2452,Office Supplies,Phones,Product B,1321.81,2,0.0,824.28,114.42,Critical
663,CA-2015-ORD27515,10/24/2017,10/25/2017,First Class,CUST-5379,Charlie Brown,Consumer,34567.0,San Francisco,Texas,United States,West,USCA,PROD-7123,Office Supplies,Phones,Product C,173.5,9,0.0,-465.24,32.28,Critical
664,CA-2016-ORD47861,10/25/2017,10/26/2017,Same Day,CUST-6124,Alice Smith,Corporate,,Chicago,California,United States,West,USCA,PROD-2501,Technology,Phones,Product A,4636.26,7,0.0,865.67,74.28,High
665,CA-2013-ORD73472,10/26/2017,10/27/2017,First Class,CUST-6106,Diana Ross,Consumer,12345.0,Austin,Texas,United States,East,USCA,PROD-9972,Office Supplies,Phones,Product C,749.28,5,0.0,79.07,177.09,Medium
666,CA-2014-ORD90598,10/27/2017,10/28/2017,Same Day,CUST-2350,Bob Johnson,Corporate,23456.0,San Francisco,Illinois,United States,East,USCA,PROD-9272,Office Supplies,Chairs,Product A,660.88,3,0.0,889.7,122.76,Medium
667,CA-2015-ORD48866,10/28/2017,10/29/2017,Same Day,CUST-1842,Alice Smith,Consumer,34567.0,Chicago,Texas,United States,East,USCA,PROD-2551,Technology,Phones,Product A,2665.17,2,0.1,434.98,123.38,Critical
668,CA-2015-ORD28249,10/29/2017,10/30/2017,Second Class,CUST-8269,Alice Smith,Home Office,34567.0,San Francisco,New York,United States,East,USCA,PROD-2864,Furniture,Chairs,Product C,3213.08,2,0.3,699.47,168.22,High
669,CA-2016-ORD17011,10/30/2017,10/31/2017,Standard Class,CUST-7242,Alice Smith,Consumer,23456.0,Austin,Texas,United States,East,USCA,PROD-4342,Office Supplies,Phones,Product B,1069.6,9,0.0,-31.04,25.53,High
670,CA-2016-ORD94193,10/31/2017,11/01/2017,First Class,CUST-6765,Bob Johnson,Corporate,,San Francisco,Illinois,United States,West,USCA,PROD-1864,Office Supplies,Chairs,Product A,3670.38,5,0.2,-102.8,107.92,Low
671,CA-2016-ORD44391,11/01/2017,11/02/2017,Standard Class,CUST-3846,Charlie Brown,Corporate,,Chicago,California,United States,East,USCA,PROD-6954,Technology,Phones,Product C,815.67,5,0.3,998.48,156.84,High
672,CA-2015-ORD58862,11/02/2017,11/03/2017,Same Day,CUST-5070,Charlie Brown,Home Office,12345.0,New York,Illinois,United States,South,USCA,PROD-1650,Furniture,Binders,Product A,3181.62,7,0.1,657.57,106.7,Low
673,CA-2013-ORD24671,11/03/2017,11/04/2017,First Class,CUST-7161,Bob Johnson,Corporate,34567.0,San Francisco,New York,United States,South,USCA,PROD-9360,Furniture,Phones,Product C,4241.1,2,0.3,920.24,199.39,Medium
674,CA-2014-ORD55706,11/04/2017,11/05/2017,Standard Class,CUST-2616,Bob Johnson,Home Office,,Chicago,Texas,United States,South,USCA,PROD-7149,Technology,Phones,Product C,2690.63,6,0.2,229.07,23.81,Low
675,CA-2014-ORD95179,11/05/2017,11/06/2017,First Class,CUST-8521,Charlie Brown,Consumer,34567.0,Chicago,Illinois,United States,Central,USCA,PROD-1346,Furniture,Chairs,Product C,3816.5,6,0.3,-89.71,136.99,High
676,CA-2016-ORD57281,11/06/2017,11/07/2017,Standard Class,CUST-2605,Bob Johnson,Corporate,23456.0,New York,Texas,United States,East,USCA,PROD-3873,Furniture,Tables,Product A,1375.91,8,0.3,-9.47,165.76,Critical
677,CA-2016-ORD63448,11/07/2017,11/08/2017,Standard Class,CUST-7973,Charlie Brown,Corporate,12345.0,New York,New York,United States,Central,USCA,PROD-4181,Office Supplies,Binders,Product C,4074.15,5,0.1,855.76,157.29,Medium
678,CA-2015-ORD62339,11/08/2017,11/09/2017,Same Day,CUST-2671,Diana Ross,Consumer,34567.0,Chicago,Illinois,United States,West,USCA,PROD-9569,Office Supplies,Binders,Product C,4825.51,5,0.3,358.07,117.89,Medium
679,CA-2015-ORD83401,11/09/2017,11/10/2017,Same Day,CUST-6506,Charlie Brown,Consumer,34567.0,Austin,California,United States,East,USCA,PROD-8207,Office Supplies,Phones,Product B,1075.82,4,0.1,-11.18,93.0,High
680,CA-2013-ORD79824,11/10/2017,11/11/2017,First Class,CUST-8386,Bob Johnson,Corporate,34567.0,Austin,Texas,United States,Central,USCA,PROD-7155,Technology,Chairs,Product C,2444.06,1,0.1,301.57,154.84,Critical
681,CA-2015-ORD82109,11/11/2017,11/12/2017,Same Day,CUST-1917,Diana Ross,Corporate,12345.0,San Francisco,Illinois,United States,South,USCA,PROD-6261,Technology,Tables,Product A,4857.89,4,0.2,-281.42,157.75,Medium
682,CA-2015-ORD28504,11/12/2017,11/13/2017,Same Day,CUST-1295,Bob Johnson,Home Office,34567.0,Chicago,Illinois,United States,Central,USCA,PROD-4552,Technology,Chairs,Product A,2983.42,4,0.0,424.18,162.49,Medium
683,CA-2014-ORD23737,11/13/2017,11/14/2017,Same Day,CUST-3262,Bob Johnson,Home Office,12345.0,New York,Illinois,United States,Central,USCA,PROD-1886,Technology,Chairs,Product B,3592.56,8,0.3,489.94,193.5,Critical
684,CA-2016-ORD82302,11/14/2017,11/15/2017,First Class,CUST-5229,Alice Smith,Consumer,,San Francisco,California,United States,East,USCA,PROD-5041,Technology,Binders,Product C,1170.83,2,0.0,4.94,192.93,Medium
685,CA-2013-ORD82998,11/15/2017,11/16/2017,Same Day,CUST-3091,Diana Ross,Corporate,34567.0,Chicago,Illinois,United States,East,USCA,PROD-8623,Technology,Phones,Product B,4972.7,7,0.3,873.55,99.62,Critical
686,CA-2015-ORD30012,11/16/2017,11/17/2017,Standard Class,CUST-2522,Alice Smith,Home Office,23456.0,San Francisco,Illinois,United States,Central,USCA,PROD-6530,Office Supplies,Binders,Product B,3220.72,1,0.1,358.45,136.57,High
687,CA-2015-ORD10628,11/17/2017,11/18/2017,Standard Class,CUST-6707,Alice Smith,Home Office,,San Francisco,California,United States,West,USCA,PROD-9389,Furniture,Tables,Product A,1330.6,7,0.0,984.3,89.59,Medium
688,CA-2015-ORD83993,11/18/2017,11/19/2017,Second Class,CUST-1554,Bob Johnson,Home Office,12345.0,Chicago,New York,United States,Central,USCA,PROD-5359,Furniture,Binders,Product C,3579.45,3,0.3,571.39,113.46,High
689,CA-2013-ORD23244,11/19/2017,11/20/2017,First Class,CUST-1748,Bob Johnson,Home Office,,Austin,Texas,United States,Central,USCA,PROD-7015,Office Supplies,Binders,Product C,2448.97,7,0.1,178.29,94.53,High
690,CA-2016-ORD81706,11/20/2017,11/21/2017,Standard Class,CUST-1423,Charlie Brown,Corporate,12345.0,Austin,Texas,United States,West,USCA,PROD-1986,Technology,Chairs,Product C,4942.24,9,0.0,512.39,22.36,Critical
691,CA-2016-ORD81400,11/21/2017,11/22/2017,Same Day,CUST-2492,Charlie Brown,Home Office,12345.0,Austin,Illinois,United States,East,USCA,PROD-4648,Office Supplies,Binders,Product C,3312.41,6,0.1,646.55,134.17,Low
692,CA-2016-ORD85251,11/22/2017,11/23/2017,Second Class,CUST-4891,Bob Johnson,Corporate,12345.0,San Francisco,New York,United States,East,USCA,PROD-9932,Office Supplies,Binders,Product C,2533.06,4,0.2,182.94,106.21,Medium
693,CA-2013-ORD32439,11/23/2017,11/24/2017,First Class,CUST-2998,Charlie Brown,Home Office,34567.0,San Francisco,Illinois,United States,West,USCA,PROD-5905,Furniture,Chairs,Product B,1246.82,8,0.1,135.93,131.42,Medium
694,CA-2015-ORD26856,11/24/2017,11/25/2017,Second Class,CUST-7289,Diana Ross,Consumer,23456.0,San Francisco,New York,United States,Central,USCA,PROD-1486,Furniture,Phones,Product C,1865.61,7,0.0,605.48,99.1,Low
695,CA-2016-ORD36364,11/25/2017,11/26/2017,First Class,CUST-5001,Charlie Brown,Consumer,,San Francisco,Texas,United States,Central,USCA,PROD-5294,Office Supplies,Chairs,Product A,911.53,8,0.1,-118.31,90.24,Critical
696,CA-2013-ORD92947,11/26/2017,11/27/2017,Second Class,CUST-7067,Charlie Brown,Corporate,23456.0,Austin,Illinois,United States,West,USCA,PROD-3745,Technology,Tables,Product B,1314.74,8,0.2,-174.93,37.92,High
697,CA-2014-ORD18594,11/27/2017,11/28/2017,Same Day,CUST-8227,Alice Smith,Consumer,34567.0,Chicago,Texas,United States,Central,USCA,PROD-1553,Technology,Tables,Product A,91.89,8,0.1,512.34,29.66,Low
698,CA-2014-ORD62535,11/28/2017,11/29/2017,Second Class,CUST-3756,Alice Smith,Corporate,12345.0,New York,Illinois,United States,Central,USCA,PROD-1721,Technology,Tables,Product C,4458.61,2,0.2,-133.3,152.63,Low
699,CA-2016-ORD13307,11/29/2017,11/30/2017,Same Day,CUST-3413,Charlie Brown,Home Office,,New York,California,United States,Central,USCA,PROD-6709,Office Supplies,Binders,Product B,4437.47,4,0.3,479.92,112.09,Low
700,CA-2016-ORD23216,11/30/2017,12/01/2017,Second Class,CUST-8449,Alice Smith,Corporate,12345.0,Austin,Texas,United States,East,USCA,PROD-5995,Office Supplies,Binders,Product A,4110.78,8,0.2,171.72,123.66,Medium
701,CA-2015-ORD54776,12/01/2017,12/02/2017,Same Day,CUST-8055,Alice Smith,Home Office,,New York,Illinois,United States,East,USCA,PROD-9836,Office Supplies,Phones,Product B,1567.22,1,0.3,359.71,40.02,Medium
702,CA-2013-ORD11582,12/02/2017,12/03/2017,Same Day,CUST-5927,Charlie Brown,Corporate,34567.0,Chicago,Texas,United States,South,USCA,PROD-3075,Furniture,Tables,Product A,4379.78,3,0.0,-171.41,45.98,Medium
703,CA-2013-ORD87147,12/03/2017,12/04/2017,Standard Class,CUST-7464,Diana Ross,Corporate,,San Francisco,Illinois,United States,East,USCA,PROD-3104,Technology,Tables,Product A,2592.03,3,0.3,197.08,152.24,Medium
704,CA-2016-ORD99031,12/04/2017,12/05/2017,Same Day,CUST-9471,Charlie Brown,Corporate,,Austin,Texas,United States,West,USCA,PROD-7121,Technology,Phones,Product A,4943.43,4,0.2,247.93,192.54,High
705,CA-2015-ORD94687,12/05/2017,12/06/2017,Second Class,CUST-8094,Alice Smith,Home Office,34567.0,San Francisco,Texas,United States,South,USCA,PROD-8406,Furniture,Tables,Product A,2331.63,9,0.0,850.01,166.98,High
706,CA-2014-ORD97145,12/06/2017,12/07/2017,Second Class,CUST-8537,Diana Ross,Corporate,23456.0,San Francisco,California,United States,East,USCA,PROD-2810,Office Supplies,Chairs,Product C,958.58,5,0.0,83.93,134.77,High
707,CA-2014-ORD81002,12/07/2017,12/08/2017,Second Class,CUST-2588,Charlie Brown,Home Office,23456.0,New York,California,United States,West,USCA,PROD-1113,Technology,Phones,Product B,1441.76,7,0.2,-174.26,105.76,Low
708,CA-2013-ORD63059,12/08/2017,12/09/2017,First Class,CUST-8284,Alice Smith,Consumer,,San Francisco,New York,United States,East,USCA,PROD-9248,Technology,Binders,Product C,1265.96,9,0.2,48.66,83.4,High
709,CA-2016-ORD70469,12/09/2017,12/10/2017,Standard Class,CUST-5115,Bob Johnson,Home Office,12345.0,San Francisco,New York,United States,South,USCA,PROD-6167,Office Supplies,Phones,Product B,2103.86,2,0.2,399.1,138.04,Critical
710,CA-2016-ORD43445,12/10/2017,12/11/2017,First Class,CUST-7059,Diana Ross,Corporate,34567.0,San Francisco,California,United States,East,USCA,PROD-2794,Office Supplies,Binders,Product C,3898.92,3,0.0,-373.1,37.39,Medium
711,CA-2013-ORD96564,12/11/2017,12/12/2017,Standard Class,CUST-4850,Bob Johnson,Consumer,,Austin,Illinois,United States,East,USCA,PROD-7209,Furniture,Binders,Product B,984.85,7,0.0,114.12,52.66,Medium
712,CA-2016-ORD54171,12/12/2017,12/13/2017,Same Day,CUST-4126,Alice Smith,Corporate,34567.0,Chicago,Texas,United States,Central,USCA,PROD-8437,Furniture,Binders,Product A,2790.08,5,0.0,-123.81,186.06,High
713,CA-2015-ORD73265,12/13/2017,12/14/2017,First Class,CUST-4007,Alice Smith,Corporate,34567.0,Chicago,California,United States,South,USCA,PROD-1044,Technology,Binders,Product C,4011.32,7,0.1,387.83,178.29,Medium
714,CA-2016-ORD97815,12/14/2017,12/15/2017,Standard Class,CUST-7141,Bob Johnson,Corporate,12345.0,San Francisco,New York,United States,South,USCA,PROD-8010,Furniture,Chairs,Product B,781.36,5,0.1,-2.3,32.52,Medium
715,CA-2015-ORD51215,12/15/2017,12/16/2017,Same Day,CUST-4377,Alice Smith,Home Office,23456.0,Chicago,California,United States,West,USCA,PROD-9624,Office Supplies,Binders,Product B,268.95,8,0.3,57.08,134.86,Low
716,CA-2013-ORD54933,12/16/2017,12/17/2017,Same Day,CUST-6855,Bob Johnson,Corporate,12345.0,Chicago,California,United States,West,USCA,PROD-8970,Office Supplies,Phones,Product C,3436.88,6,0.3,115.99,131.29,High
717,CA-2014-ORD77298,12/17/2017,12/18/2017,First Class,CUST-5893,Charlie Brown,Consumer,34567.0,New York,California,United States,East,USCA,PROD-4651,Technology,Binders,Product B,943.65,1,0.0,752.8,104.5,Critical
718,CA-2016-ORD70237,12/18/2017,12/19/2017,Standard Class,CUST-4309,Bob Johnson,Home Office,34567.0,Austin,New York,United States,South,USCA,PROD-5412,Technology,Phones,Product B,3610.1,4,0.3,976.18,59.01,Low
719,CA-2014-ORD45475,12/19/2017,12/20/2017,First Class,CUST-5448,Bob Johnson,Home Office,34567.0,New York,Illinois,United States,West,USCA,PROD-9949,Technology,Phones,Product B,2477.41,2,0.1,577.79,36.35,Low
720,CA-2013-ORD44433,12/20/2017,12/21/2017,Same Day,CUST-3794,Alice Smith,Home Office,34567.0,San Francisco,Texas,United States,West,USCA,PROD-7648,Furniture,Tables,Product C,3638.21,8,0.3,106.84,164.48,High
721,CA-2016-ORD38030,12/21/2017,12/22/2017,Standard Class,CUST-9228,Bob Johnson,Home Office,34567.0,Austin,Texas,United States,East,USCA,PROD-5138,Office Supplies,Tables,Product C,176.2,6,0.3,576.02,92.01,Medium
722,CA-2014-ORD82887,12/22/2017,12/23/2017,Same Day,CUST-5559,Alice Smith,Home Office,,Austin,New York,United States,Central,USCA,PROD-4439,Technology,Tables,Product A,2023.49,4,0.3,826.24,119.88,Low
723,CA-2013-ORD18851,12/23/2017,12/24/2017,First Class,CUST-3139,Diana Ross,Consumer,23456.0,San Francisco,California,United States,South,USCA,PROD-1861,Technology,Chairs,Product A,3850.04,8,0.1,967.86,96.68,Low
724,CA-2014-ORD58606,12/24/2017,12/25/2017,Same Day,CUST-1015,Diana Ross,Consumer,34567.0,Chicago,Texas,United States,West,USCA,PROD-6448,Office Supplies,Chairs,Product C,3740.68,5,0.3,-303.89,81.46,Medium
725,CA-2014-ORD10507,12/25/2017,12/26/2017,Same Day,CUST-9446,Bob Johnson,Consumer,12345.0,Chicago,California,United States,Central,USCA,PROD-8083,Furniture,Binders,Product C,3032.96,4,0.2,-142.86,64.95,Critical
726,CA-2013-ORD34342,12/26/2017,12/27/2017,Second Class,CUST-7435,Charlie Brown,Corporate,34567.0,Chicago,Illinois,United States,East,USCA,PROD-6703,Office Supplies,Tables,Product B,2389.71,5,0.0,-383.91,109.69,Medium
727,CA-2014-ORD48751,12/27/2017,12/28/2017,Standard Class,CUST-4376,Bob Johnson,Home Office,12345.0,Austin,Illinois,United States,South,USCA,PROD-4101,Office Supplies,Phones,Product B,3173.99,1,0.1,559.83,114.78,Medium
728,CA-2016-ORD23366,12/28/2017,12/29/2017,First Class,CUST-2737,Alice Smith,Home Office,34567.0,Austin,California,United States,South,USCA,PROD-2066,Office Supplies,Tables,Product B,102.28,4,0.2,857.49,158.33,Low
729,CA-2015-ORD30377,12/29/2017,12/30/2017,Second Class,CUST-2247,Diana Ross,Corporate,,San Francisco,New York,United States,West,USCA,PROD-7169,Furniture,Tables,Product A,431.01,8,0.1,160.9,111.57,High
730,CA-2014-ORD57452,12/30/2017,12/31/2017,Same Day,CUST-8911,Bob Johnson,Corporate,23456.0,San Francisco,Texas,United States,West,USCA,PROD-1448,Furniture,Binders,Product B,2312.67,1,0.2,679.16,22.07,Medium
731,CA-2014-ORD70026,12/31/2017,01/01/2018,Second Class,CUST-3111,Diana Ross,Home Office,12345.0,San Francisco,Texas,United States,Central,USCA,PROD-9560,Technology,Chairs,Product C,1547.77,3,0.3,-153.04,128.79,Low
732,CA-2014-ORD56513,01/01/2018,01/02/2018,First Class,CUST-5186,Alice Smith,Consumer,,Austin,New York,United States,East,USCA,PROD-3862,Technology,Chairs,Product C,320.74,2,0.2,73.75,142.79,Medium
733,CA-2016-ORD34061,01/02/2018,01/03/2018,Standard Class,CUST-3811,Diana Ross,Consumer,34567.0,San Francisco,Illinois,United States,Central,USCA,PROD-9532,Technology,Phones,Product B,3985.85,7,0.0,732.36,124.74,High
734,CA-2015-ORD69871,01/03/2018,01/04/2018,Second Class,CUST-2838,Bob Johnson,Home Office,23456.0,San Francisco,Texas,United States,South,USCA,PROD-8387,Furniture,Phones,Product B,4046.02,8,0.3,70.97,142.91,High
735,CA-2013-ORD43679,01/04/2018,01/05/2018,Standard Class,CUST-7994,Diana Ross,Consumer,,New York,California,United States,East,USCA,PROD-6036,Office Supplies,Tables,Product C,4001.14,4,0.1,150.97,161.42,Medium
736,CA-2014-ORD81026,01/05/2018,01/06/2018,Same Day,CUST-5340,Diana Ross,Corporate,12345.0,Chicago,New York,United States,Central,USCA,PROD-4317,Office Supplies,Binders,Product C,4419.57,8,0.2,12.74,109.69,Medium
737,CA-2013-ORD96876,01/06/2018,01/07/2018,Second Class,CUST-9506,Bob Johnson,Home Office,,San Francisco,New York,United States,Central,USCA,PROD-7176,Technology,Tables,Product B,1358.41,8,0.1,-198.33,59.14,Low
738,CA-2015-ORD97341,01/07/2018,01/08/2018,Second Class,CUST-1231,Bob Johnson,Corporate,34567.0,Austin,California,United States,East,USCA,PROD-7704,Furniture,Binders,Product B,22.21,7,0.2,486.83,92.62,Low
739,CA-2013-ORD17336,01/08/2018,01/09/2018,First Class,CUST-4741,Bob Johnson,Corporate,23456.0,New York,New York,United States,West,USCA,PROD-8573,Technology,Tables,Product A,834.01,5,0.1,751.51,58.56,Low
740,CA-2014-ORD75820,01/09/2018,01/10/2018,First Class,CUST-3501,Charlie Brown,Corporate,12345.0,Chicago,Illinois,United States,East,USCA,PROD-5447,Technology,Tables,Product C,4716.78,4,0.2,649.2,125.15,High
741,CA-2015-ORD63339,01/10/2018,01/11/2018,Second Class,CUST-4717,Diana Ross,Corporate,,San Francisco,New York,United States,West,USCA,PROD-8806,Furniture,Binders,Product C,4848.5,1,0.0,16.77,15.52,High
742,CA-2016-ORD67457,01/11/2018,01/12/2018,Second Class,CUST-2220,Charlie Brown,Home Office,34567.0,New York,New York,United States,South,USCA,PROD-7818,Furniture,Tables,Product A,264.22,7,0.3,830.35,32.26,Medium
743,CA-2014-ORD81508,01/12/2018,01/13/2018,Standard Class,CUST-4356,Diana Ross,Consumer,34567.0,New York,New York,United States,South,USCA,PROD-7825,Furniture,Phones,Product C,4186.39,7,0.2,-470.94,114.39,Medium
744,CA-2014-ORD72380,01/13/2018,01/14/2018,Same Day,CUST-9796,Diana Ross,Corporate,,Chicago,Texas,United States,South,USCA,PROD-5181,Office Supplies,Chairs,Product A,3272.51,2,0.1,-313.74,158.09,Low
745,CA-2015-ORD22073,01/14/2018,01/15/2018,Second Class,CUST-4620,Diana Ross,Corporate,,Austin,New York,United States,West,USCA,PROD-9460,Furniture,Phones,Product A,3059.08,6,0.3,-417.53,157.76,Critical
746,CA-2014-ORD99357,01/15/2018,01/16/2018,Second Class,CUST-7446,Charlie Brown,Corporate,12345.0,San Francisco,Texas,United States,South,USCA,PROD-8371,Furniture,Tables,Product A,4928.51,8,0.0,868.57,71.82,High
747,CA-2013-ORD58250,01/16/2018,01/17/2018,Same Day,CUST-4088,Charlie Brown,Home Office,12345.0,Austin,California,United States,West,USCA,PROD-9735,Furniture,Tables,Product A,3544.87,5,0.0,-307.29,105.83,Critical
748,CA-2016-ORD85046,01/17/2018,01/18/2018,Standard Class,CUST-5855,Diana Ross,Home Office,34567.0,New York,Texas,United States,Central,USCA,PROD-6057,Office Supplies,Chairs,Product B,4818.69,6,0.1,979.19,95.13,High
749,CA-2016-ORD39197,01/18/2018,01/19/2018,Same Day,CUST-6871,Charlie Brown,Consumer,34567.0,New York,Illinois,United States,Central,USCA,PROD-9869,Office Supplies,Binders,Product B,4815.6,2,0.0,143.27,150.26,Critical
750,CA-2015-ORD80934,01/19/2018,01/20/2018,Second Class,CUST-8958,Bob Johnson,Home Office,12345.0,New York,Illinois,United States,Central,USCA,PROD-3277,Furniture,Chairs,Product B,1884.62,4,0.1,-191.28,38.2,High
751,CA-2016-ORD53031,01/20/2018,01/21/2018,Standard Class,CUST-7897,Bob Johnson,Home Office,34567.0,Austin,Illinois,United States,South,USCA,PROD-7960,Office Supplies,Tables,Product A,32.76,6,0.1,261.62,48.95,High
752,CA-2016-ORD89755,01/21/2018,01/22/2018,Second Class,CUST-4318,Bob Johnson,Home Office,34567.0,Chicago,New York,United States,West,USCA,PROD-2958,Furniture,Tables,Product A,1827.48,3,0.3,753.45,98.09,Low
753,CA-2013-ORD73400,01/22/2018,01/23/2018,Standard Class,CUST-9794,Alice Smith,Corporate,,Chicago,California,United States,East,USCA,PROD-2036,Office Supplies,Phones,Product C,757.25,1,0.2,703.53,148.5,Low
754,CA-2015-ORD33243,01/23/2018,01/24/2018,Same Day,CUST-3515,Alice Smith,Home Office,34567.0,New York,Illinois,United States,East,USCA,PROD-6042,Furniture,Binders,Product B,2442.98,5,0.0,534.06,92.21,High
755,CA-2013-ORD93924,01/24/2018,01/25/2018,Same Day,CUST-5767,Charlie Brown,Consumer,,Austin,Illinois,United States,West,USCA,PROD-9364,Technology,Tables,Product B,1978.13,4,0.2,632.88,58.74,Low
756,CA-2015-ORD33615,01/25/2018,01/26/2018,Standard Class,CUST-5320,Bob Johnson,Consumer,,Austin,New York,United States,Central,USCA,PROD-3727,Furniture,Phones,Product C,3854.89,4,0.3,762.18,152.2,Medium
757,CA-2013-ORD45122,01/26/2018,01/27/2018,First Class,CUST-2494,Charlie Brown,Corporate,12345.0,Austin,Illinois,United States,Central,USCA,PROD-5531,Furniture,Chairs,Product C,2482.89,9,0.3,959.85,69.88,Medium
758,CA-2013-ORD61564,01/27/2018,01/28/2018,Standard Class,CUST-1700,Charlie Brown,Home Office,34567.0,Austin,Illinois,United States,East,USCA,PROD-1656,Office Supplies,Phones,Product A,4716.01,7,0.3,91.35,114.52,High
759,CA-2013-ORD29615,01/28/2018,01/29/2018,Standard Class,CUST-6674,Alice Smith,Corporate,,New York,Texas,United States,West,USCA,PROD-3355,Technology,Binders,Product C,2100.34,7,0.0,590.48,140.66,Critical
760,CA-2016-ORD63095,01/29/2018,01/30/2018,Same Day,CUST-1355,Alice Smith,Corporate,12345.0,San Francisco,Texas,United States,South,USCA,PROD-2460,Furniture,Chairs,Product A,629.73,9,0.3,887.08,40.93,High
761,CA-2015-ORD94917,01/30/2018,01/31/2018,Standard Class,CUST-8688,Alice Smith,Consumer,23456.0,Chicago,New York,United States,Central,USCA,PROD-3944,Furniture,Binders,Product A,2306.85,7,0.2,-373.73,104.8,Low
762,CA-2016-ORD74401,01/31/2018,02/01/2018,First Class,CUST-4228,Alice Smith,Corporate,12345.0,New York,Illinois,United States,West,USCA,PROD-8395,Office Supplies,Tables,Product B,2890.15,6,0.0,881.31,110.66,Medium
763,CA-2016-ORD65196,02/01/2018,02/02/2018,Same Day,CUST-4001,Bob Johnson,Consumer,23456.0,New York,California,United States,East,USCA,PROD-8330,Technology,Phones,Product B,1980.05,5,0.1,170.1,168.33,Critical
764,CA-2013-ORD45809,02/02/2018,02/03/2018,Second Class,CUST-7451,Diana Ross,Corporate,,Chicago,New York,United States,West,USCA,PROD-2325,Office Supplies,Tables,Product B,205.76,6,0.2,259.55,99.45,Critical
765,CA-2016-ORD41780,02/03/2018,02/04/2018,Second Class,CUST-7135,Bob Johnson,Consumer,23456.0,Chicago,California,United States,South,USCA,PROD-4244,Furniture,Binders,Product C,4270.08,6,0.1,93.83,181.17,High
766,CA-2016-ORD39705,02/04/2018,02/05/2018,First Class,CUST-3879,Charlie Brown,Corporate,,New York,New York,United States,West,USCA,PROD-9529,Office Supplies,Binders,Product A,4998.09,6,0.0,715.55,192.33,High
767,CA-2015-ORD72442,02/05/2018,02/06/2018,First Class,CUST-4378,Bob Johnson,Corporate,,San Francisco,Illinois,United States,South,USCA,PROD-3466,Furniture,Phones,Product A,4603.28,4,0.0,-458.08,136.4,Medium
768,CA-2013-ORD80833,02/06/2018,02/07/2018,First Class,CUST-4005,Charlie Brown,Home Office,34567.0,San Francisco,California,United States,South,USCA,PROD-2161,Office Supplies,Chairs,Product B,1604.33,3,0.0,-139.07,122.26,High
769,CA-2015-ORD14467,02/07/2018,02/08/2018,Standard Class,CUST-5813,Diana Ross,Consumer,23456.0,San Francisco,New York,United States,South,USCA,PROD-4261,Technology,Binders,Product C,1915.17,1,0.2,412.29,47.95,High
770,CA-2013-ORD93043,02/08/2018,02/09/2018,First Class,CUST-9041,Charlie Brown,Home Office,23456.0,Chicago,California,United States,West,USCA,PROD-5782,Office Supplies,Phones,Product A,882.02,9,0.0,284.39,55.76,Low
771,CA-2013-ORD32918,02/09/2018,02/10/2018,Same Day,CUST-4050,Diana Ross,Home Office,23456.0,San Francisco,New York,United States,Central,USCA,PROD-9437,Furniture,Chairs,Product B,804.55,1,0.2,-68.15,27.18,Medium
772,CA-2013-ORD77500,02/10/2018,02/11/2018,Standard Class,CUST-5909,Alice Smith,Consumer,23456.0,New York,Texas,United States,Central,USCA,PROD-7327,Furniture,Chairs,Product C,4911.14,9,0.2,15.87,77.61,Medium
773,CA-2015-ORD40922,02/11/2018,02/12/2018,First Class,CUST-5250,Alice Smith,Corporate,34567.0,Chicago,Illinois,United States,West,USCA,PROD-2163,Office Supplies,Chairs,Product A,1795.78,3,0.0,869.4,128.97,Critical
774,CA-2016-ORD78544,02/12/2018,02/13/2018,Standard Class,CUST-4763,Charlie Brown,Corporate,34567.0,San Francisco,California,United States,East,USCA,PROD-5845,Office Supplies,Chairs,Product A,4168.14,7,0.2,532.77,78.8,High
775,CA-2015-ORD74686,02/13/2018,02/14/2018,Same Day,CUST-9160,Alice Smith,Corporate,23456.0,Austin,California,United States,South,USCA,PROD-9335,Furniture,Chairs,Product A,2925.6,5,0.3,254.99,69.74,Medium
776,CA-2015-ORD41369,02/14/2018,02/15/2018,Same Day,CUST-1064,Alice Smith,Corporate,34567.0,Austin,Texas,United States,West,USCA,PROD-1113,Office Supplies,Chairs,Product C,520.39,9,0.3,537.37,38.16,Medium
777,CA-2016-ORD37622,02/15/2018,02/16/2018,Same Day,CUST-3908,Alice Smith,Consumer,,Chicago,Illinois,United States,Central,USCA,PROD-3049,Technology,Binders,Product B,3974.62,8,0.2,852.51,63.7,Low
778,CA-2013-ORD87972,02/16/2018,02/17/2018,First Class,CUST-6367,Alice Smith,Consumer,12345.0,Chicago,New York,United States,South,USCA,PROD-9130,Technology,Tables,Product B,719.29,9,0.2,309.94,158.67,Medium
779,CA-2014-ORD68429,02/17/2018,02/18/2018,First Class,CUST-2124,Bob Johnson,Consumer,12345.0,San Francisco,Illinois,United States,South,USCA,PROD-7972,Office Supplies,Tables,Product C,2075.98,3,0.0,945.58,154.91,High
780,CA-2016-ORD81895,02/18/2018,02/19/2018,Same Day,CUST-5303,Charlie Brown,Home Office,23456.0,San Francisco,Texas,United States,East,USCA,PROD-6017,Furniture,Tables,Product B,4038.29,3,0.1,-497.68,59.87,Medium
781,CA-2013-ORD18041,02/19/2018,02/20/2018,First Class,CUST-5455,Diana Ross,Home Office,12345.0,New York,California,United States,Central,USCA,PROD-7888,Technology,Phones,Product B,552.12,8,0.2,-331.85,196.25,Low
782,CA-2015-ORD79873,02/20/2018,02/21/2018,Same Day,CUST-8418,Bob Johnson,Corporate,,Austin,California,United States,Central,USCA,PROD-6974,Technology,Tables,Product A,755.99,8,0.2,584.68,19.42,High
783,CA-2014-ORD39808,02/21/2018,02/22/2018,First Class,CUST-6305,Bob Johnson,Consumer,,New York,New York,United States,West,USCA,PROD-2046,Technology,Phones,Product B,3492.68,5,0.3,624.33,98.68,Low
784,CA-2013-ORD19209,02/22/2018,02/23/2018,Second Class,CUST-5045,Diana Ross,Corporate,23456.0,Chicago,California,United States,West,USCA,PROD-5592,Office Supplies,Chairs,Product A,1551.7,4,0.2,320.77,85.18,Medium
785,CA-2014-ORD72229,02/23/2018,02/24/2018,First Class,CUST-2323,Charlie Brown,Corporate,12345.0,San Francisco,New York,United States,Central,USCA,PROD-3294,Technology,Phones,Product A,4229.39,6,0.2,290.13,163.43,Medium
786,CA-2014-ORD27330,02/24/2018,02/25/2018,Same Day,CUST-2582,Alice Smith,Consumer,23456.0,New York,Illinois,United States,East,USCA,PROD-8530,Furniture,Tables,Product C,436.6,9,0.1,572.88,185.68,Low
787,CA-2015-ORD13176,02/25/2018,02/26/2018,Standard Class,CUST-4089,Bob Johnson,Consumer,,Austin,New York,United States,Central,USCA,PROD-7882,Furniture,Chairs,Product C,4346.0,7,0.0,-92.46,56.34,Low
788,CA-2016-ORD48219,02/26/2018,02/27/2018,Same Day,CUST-5989,Diana Ross,Home Office,,New York,New York,United States,West,USCA,PROD-1117,Furniture,Chairs,Product C,4074.52,7,0.1,464.12,62.0,High
789,CA-2013-ORD25145,02/27/2018,02/28/2018,Standard Class,CUST-7896,Alice Smith,Consumer,23456.0,Austin,California,United States,West,USCA,PROD-2889,Office Supplies,Phones,Product B,436.81,7,0.1,-108.82,72.78,Critical
790,CA-2014-ORD76032,02/28/2018,03/01/2018,Same Day,CUST-2951,Bob Johnson,Corporate,23456.0,Chicago,New York,United States,South,USCA,PROD-2010,Office Supplies,Chairs,Product C,3867.19,9,0.3,804.51,101.13,Low
791,CA-2013-ORD68741,03/01/2018,03/02/2018,Standard Class,CUST-5012,Alice Smith,Corporate,34567.0,New York,Texas,United States,East,USCA,PROD-2682,Technology,Tables,Product A,2869.95,6,0.0,360.87,136.54,Low
792,CA-2013-ORD39503,03/02/2018,03/03/2018,Same Day,CUST-5149,Charlie Brown,Consumer,23456.0,Chicago,Texas,United States,Central,USCA,PROD-4746,Office Supplies,Tables,Product A,4229.81,5,0.2,300.92,24.69,Critical
793,CA-2014-ORD31318,03/03/2018,03/04/2018,First Class,CUST-1130,Diana Ross,Consumer,,New York,Texas,United States,Central,USCA,PROD-1462,Office Supplies,Binders,Product A,299.1,8,0.0,101.83,170.03,Medium
794,CA-2016-ORD27020,03/04/2018,03/05/2018,Standard Class,CUST-8422,Diana Ross,Home Office,23456.0,Austin,New York,United States,South,USCA,PROD-5778,Technology,Binders,Product B,1515.05,2,0.1,-340.29,13.64,High
795,CA-2016-ORD56312,03/05/2018,03/06/2018,Same Day,CUST-4110,Bob Johnson,Consumer,34567.0,New York,California,United States,East,USCA,PROD-9239,Furniture,Phones,Product B,4489.25,9,0.0,729.61,18.48,High
796,CA-2014-ORD13599,03/06/2018,03/07/2018,Same Day,CUST-5289,Charlie Brown,Consumer,34567.0,New York,New York,United States,East,USCA,PROD-5810,Technology,Phones,Product A,2051.73,9,0.3,-47.99,135.0,Low
797,CA-2014-ORD85344,03/07/2018,03/08/2018,Standard Class,CUST-5799,Alice Smith,Home Office,12345.0,San Francisco,California,United States,East,USCA,PROD-6320,Office Supplies,Binders,Product B,271.99,9,0.2,-360.19,35.04,Low
798,CA-2016-ORD10023,03/08/2018,03/09/2018,Second Class,CUST-1254,Bob Johnson,Home Office,12345.0,Chicago,New York,United States,Central,USCA,PROD-2276,Furniture,Phones,Product A,3274.8,5,0.2,223.77,179.86,Low
799,CA-2013-ORD69024,03/09/2018,03/10/2018,Second Class,CUST-4842,Diana Ross,Home Office,23456.0,Austin,Texas,United States,East,USCA,PROD-2665,Office Supplies,Binders,Product C,844.5,4,0.1,-352.03,149.01,Medium
800,CA-2013-ORD82937,03/10/2018,03/11/2018,First Class,CUST-2180,Diana Ross,Home Office,12345.0,New York,California,United States,South,USCA,PROD-2381,Technology,Chairs,Product B,4613.25,7,0.0,521.16,101.63,Critical
801,CA-2015-ORD83735,03/11/2018,03/12/2018,Same Day,CUST-3413,Diana Ross,Home Office,23456.0,Austin,California,United States,South,USCA,PROD-5163,Technology,Tables,Product C,3814.42,7,0.3,762.2,82.45,Medium
802,CA-2016-ORD65610,03/12/2018,03/13/2018,Standard Class,CUST-2003,Diana Ross,Consumer,34567.0,New York,Illinois,United States,South,USCA,PROD-4715,Technology,Chairs,Product C,4414.6,9,0.0,655.74,22.53,Low
803,CA-2014-ORD80465,03/13/2018,03/14/2018,Standard Class,CUST-9108,Bob Johnson,Home Office,12345.0,New York,Texas,United States,West,USCA,PROD-6683,Furniture,Phones,Product A,3297.43,6,0.2,795.89,7.58,High
804,CA-2015-ORD28377,03/14/2018,03/15/2018,Second Class,CUST-9069,Alice Smith,Corporate,,San Francisco,Texas,United States,South,USCA,PROD-2287,Furniture,Tables,Product C,4004.94,1,0.2,477.78,178.23,Critical
805,CA-2016-ORD93291,03/15/2018,03/16/2018,First Class,CUST-5270,Diana Ross,Corporate,,San Francisco,Texas,United States,East,USCA,PROD-1520,Office Supplies,Tables,Product C,1814.02,1,0.1,145.64,29.15,Low
806,CA-2014-ORD25352,03/16/2018,03/17/2018,Second Class,CUST-8524,Diana Ross,Consumer,34567.0,Chicago,Illinois,United States,East,USCA,PROD-6248,Office Supplies,Tables,Product A,57.98,5,0.2,-260.26,94.6,Low
807,CA-2015-ORD97348,03/17/2018,03/18/2018,First Class,CUST-9779,Charlie Brown,Home Office,34567.0,New York,California,United States,West,USCA,PROD-6526,Furniture,Binders,Product A,1184.24,5,0.3,351.07,100.35,Low
808,CA-2013-ORD83969,03/18/2018,03/19/2018,Second Class,CUST-2665,Diana Ross,Corporate,,San Francisco,California,United States,West,USCA,PROD-5537,Office Supplies,Chairs,Product B,4636.13,1,0.1,584.89,142.37,Critical
809,CA-2014-ORD60094,03/19/2018,03/20/2018,Same Day,CUST-4176,Bob Johnson,Home Office,12345.0,Chicago,Illinois,United States,West,USCA,PROD-3683,Technology,Phones,Product A,211.3,9,0.0,-131.44,128.66,Critical
810,CA-2013-ORD88880,03/20/2018,03/21/2018,First Class,CUST-7986,Alice Smith,Corporate,34567.0,New York,New York,United States,Central,USCA,PROD-3994,Office Supplies,Phones,Product B,2107.01,2,0.0,320.76,73.83,Critical
811,CA-2013-ORD13409,03/21/2018,03/22/2018,First Class,CUST-4607,Bob Johnson,Consumer,12345.0,New York,Illinois,United States,Central,USCA,PROD-9331,Furniture,Tables,Product A,3320.08,2,0.3,-285.23,33.13,Medium
812,CA-2013-ORD31384,03/22/2018,03/23/2018,First Class,CUST-1340,Bob Johnson,Corporate,,San Francisco,Illinois,United States,South,USCA,PROD-4098,Furniture,Phones,Product A,4282.53,6,0.0,662.52,105.71,Critical
813,CA-2013-ORD98594,03/23/2018,03/24/2018,Second Class,CUST-3589,Bob Johnson,Consumer,12345.0,Austin,Illinois,United States,West,USCA,PROD-4881,Technology,Tables,Product B,4243.92,3,0.0,-496.38,20.49,Critical
814,CA-2016-ORD52968,03/24/2018,03/25/2018,First Class,CUST-6908,Diana Ross,Consumer,23456.0,Austin,Illinois,United States,East,USCA,PROD-4248,Technology,Tables,Product A,2624.01,2,0.2,-18.31,145.99,High
815,CA-2013-ORD17214,03/25/2018,03/26/2018,Standard Class,CUST-1053,Diana Ross,Consumer,23456.0,Austin,California,United States,South,USCA,PROD-6286,Furniture,Binders,Product C,1451.73,6,0.2,102.58,126.41,Critical
816,CA-2014-ORD48361,03/26/2018,03/27/2018,Second Class,CUST-4972,Charlie Brown,Corporate,34567.0,Austin,California,United States,East,USCA,PROD-6374,Furniture,Phones,Product A,4749.14,9,0.3,-398.99,131.89,Critical
817,CA-2016-ORD11991,03/27/2018,03/28/2018,Standard Class,CUST-3096,Diana Ross,Consumer,34567.0,New York,New York,United States,Central,USCA,PROD-4693,Technology,Binders,Product A,1799.08,8,0.2,-190.98,40.62,Critical
818,CA-2015-ORD54839,03/28/2018,03/29/2018,Second Class,CUST-8564,Bob Johnson,Consumer,,Austin,Illinois,United States,Central,USCA,PROD-7992,Office Supplies,Phones,Product A,4665.28,3,0.2,213.73,96.68,Critical
819,CA-2016-ORD53564,03/29/2018,03/30/2018,First Class,CUST-5354,Charlie Brown,Consumer,23456.0,San Francisco,New York,United States,South,USCA,PROD-5055,Furniture,Chairs,Product C,705.1,5,0.2,-352.7,78.72,High
820,CA-2015-ORD94356,03/30/2018,03/31/2018,Same Day,CUST-1632,Charlie Brown,Consumer,,San Francisco,New York,United States,West,USCA,PROD-5251,Technology,Tables,Product B,2712.73,7,0.1,848.85,15.39,Medium
821,CA-2013-ORD91005,03/31/2018,04/01/2018,First Class,CUST-9122,Alice Smith,Home Office,34567.0,San Francisco,New York,United States,West,USCA,PROD-4217,Furniture,Tables,Product C,760.23,4,0.0,393.98,103.43,Critical
822,CA-2015-ORD34002,04/01/2018,04/02/2018,Same Day,CUST-3316,Charlie Brown,Corporate,34567.0,Austin,California,United States,Central,USCA,PROD-3052,Technology,Binders,Product C,4759.49,2,0.2,723.47,98.17,High
823,CA-2016-ORD60528,04/02/2018,04/03/2018,Second Class,CUST-3669,Bob Johnson,Consumer,23456.0,New York,New York,United States,Central,USCA,PROD-8896,Office Supplies,Tables,Product A,3355.93,7,0.2,459.52,86.48,Critical
824,CA-2013-ORD54557,04/03/2018,04/04/2018,First Class,CUST-9833,Charlie Brown,Home Office,,Chicago,New York,United States,South,USCA,PROD-9663,Technology,Tables,Product B,2641.55,8,0.0,80.43,19.92,Low
825,CA-2015-ORD79059,04/04/2018,04/05/2018,Second Class,CUST-7580,Diana Ross,Consumer,12345.0,San Francisco,Texas,United States,West,USCA,PROD-1160,Technology,Chairs,Product B,3366.73,4,0.2,199.83,97.67,Low
826,CA-2014-ORD86639,04/05/2018,04/06/2018,First Class,CUST-9199,Alice Smith,Home Office,23456.0,Austin,California,United States,Central,USCA,PROD-3657,Technology,Chairs,Product B,3644.49,5,0.2,-75.09,194.3,High
827,CA-2015-ORD98893,04/06/2018,04/07/2018,Same Day,CUST-9621,Charlie Brown,Consumer,,New York,California,United States,South,USCA,PROD-7364,Furniture,Tables,Product A,1234.93,6,0.1,649.5,37.11,Low
828,CA-2016-ORD10859,04/07/2018,04/08/2018,First Class,CUST-1262,Diana Ross,Consumer,,New York,California,United States,West,USCA,PROD-2118,Furniture,Phones,Product A,3434.29,7,0.1,78.82,41.5,Medium
829,CA-2015-ORD43837,04/08/2018,04/09/2018,First Class,CUST-1927,Alice Smith,Corporate,,Austin,New York,United States,East,USCA,PROD-6448,Office Supplies,Binders,Product A,1315.15,2,0.3,414.42,114.29,High
830,CA-2014-ORD30349,04/09/2018,04/10/2018,Second Class,CUST-4479,Alice Smith,Home Office,,Austin,New York,United States,Central,USCA,PROD-3830,Office Supplies,Phones,Product B,2860.08,6,0.1,379.46,22.97,Critical
831,CA-2016-ORD67868,04/10/2018,04/11/2018,Same Day,CUST-5560,Charlie Brown,Consumer,,New York,New York,United States,East,USCA,PROD-8060,Technology,Chairs,Product B,415.37,5,0.3,-439.08,49.07,High
832,CA-2014-ORD63709,04/11/2018,04/12/2018,Same Day,CUST-9974,Alice Smith,Home Office,34567.0,New York,California,United States,South,USCA,PROD-6080,Technology,Phones,Product C,4876.27,1,0.1,88.98,176.8,Low
833,CA-2013-ORD77502,04/12/2018,04/13/2018,Second Class,CUST-2841,Charlie Brown,Home Office,23456.0,Chicago,New York,United States,East,USCA,PROD-5770,Technology,Tables,Product C,4678.47,5,0.3,876.4,100.51,High
834,CA-2014-ORD57349,04/13/2018,04/14/2018,Standard Class,CUST-2232,Bob Johnson,Home Office,23456.0,New York,Illinois,United States,Central,USCA,PROD-3461,Office Supplies,Chairs,Product C,3112.5,9,0.3,268.36,103.12,Critical
835,CA-2013-ORD33501,04/14/2018,04/15/2018,Standard Class,CUST-7440,Charlie Brown,Corporate,23456.0,San Francisco,Illinois,United States,West,USCA,PROD-6631,Technology,Tables,Product B,719.99,6,0.0,161.97,107.86,Medium
836,CA-2016-ORD29498,04/15/2018,04/16/2018,Standard Class,CUST-7676,Bob Johnson,Corporate,34567.0,Chicago,Texas,United States,Central,USCA,PROD-7222,Technology,Binders,Product A,1409.04,5,0.2,662.22,49.19,Critical
837,CA-2015-ORD66844,04/16/2018,04/17/2018,First Class,CUST-8040,Bob Johnson,Consumer,12345.0,San Francisco,Texas,United States,South,USCA,PROD-5083,Technology,Phones,Product A,1936.35,5,0.2,977.25,43.88,Medium
838,CA-2015-ORD76379,04/17/2018,04/18/2018,Same Day,CUST-8827,Bob Johnson,Consumer,34567.0,San Francisco,New York,United States,Central,USCA,PROD-5174,Furniture,Binders,Product A,3067.25,5,0.3,-383.25,186.04,High
839,CA-2016-ORD24530,04/18/2018,04/19/2018,Standard Class,CUST-8704,Diana Ross,Home Office,12345.0,Austin,California,United States,South,USCA,PROD-9494,Office Supplies,Tables,Product C,2945.79,6,0.2,763.18,5.63,Low
840,CA-2016-ORD64613,04/19/2018,04/20/2018,First Class,CUST-5716,Bob Johnson,Home Office,12345.0,New York,New York,United States,West,USCA,PROD-4726,Furniture,Tables,Product C,2181.08,1,0.2,266.2,52.8,Critical
841,CA-2014-ORD48550,04/20/2018,04/21/2018,First Class,CUST-9040,Diana Ross,Home Office,,New York,New York,United States,West,USCA,PROD-5303,Furniture,Chairs,Product B,1067.49,8,0.3,329.61,113.11,Medium
842,CA-2015-ORD54782,04/21/2018,04/22/2018,Second Class,CUST-1673,Bob Johnson,Consumer,,Chicago,California,United States,West,USCA,PROD-1286,Furniture,Chairs,Product B,3264.23,9,0.2,331.6,108.55,Medium
843,CA-2014-ORD34166,04/22/2018,04/23/2018,Standard Class,CUST-6710,Diana Ross,Corporate,12345.0,Austin,Texas,United States,Central,USCA,PROD-5530,Office Supplies,Tables,Product A,166.93,8,0.2,682.95,147.8,Critical
844,CA-2014-ORD53922,04/23/2018,04/24/2018,First Class,CUST-4561,Diana Ross,Corporate,23456.0,Chicago,New York,United States,East,USCA,PROD-2638,Furniture,Tables,Product A,499.91,2,0.0,-152.22,195.14,High
845,CA-2013-ORD80791,04/24/2018,04/25/2018,First Class,CUST-1053,Bob Johnson,Consumer,23456.0,Austin,New York,United States,East,USCA,PROD-2023,Technology,Tables,Product C,4968.12,1,0.1,983.51,114.86,Low
846,CA-2014-ORD45386,04/25/2018,04/26/2018,Standard Class,CUST-6953,Alice Smith,Home Office,,San Francisco,Illinois,United States,East,USCA,PROD-3179,Office Supplies,Tables,Product B,611.22,8,0.0,130.0,66.42,High
847,CA-2016-ORD54042,04/26/2018,04/27/2018,First Class,CUST-2223,Bob Johnson,Corporate,12345.0,San Francisco,Texas,United States,South,USCA,PROD-2138,Furniture,Tables,Product A,1306.8,1,0.1,-253.75,138.18,High
848,CA-2016-ORD31789,04/27/2018,04/28/2018,Second Class,CUST-5251,Alice Smith,Home Office,12345.0,New York,Texas,United States,East,USCA,PROD-3854,Office Supplies,Phones,Product C,2810.54,4,0.3,210.66,159.13,Medium
849,CA-2014-ORD34584,04/28/2018,04/29/2018,Standard Class,CUST-4595,Charlie Brown,Corporate,23456.0,New York,Texas,United States,East,USCA,PROD-8084,Furniture,Phones,Product A,1210.99,2,0.3,222.25,127.74,Medium
850,CA-2016-ORD73798,04/29/2018,04/30/2018,Standard Class,CUST-5239,Alice Smith,Corporate,,Austin,New York,United States,West,USCA,PROD-8024,Technology,Binders,Product C,1823.08,5,0.1,498.39,146.37,Low
851,CA-2016-ORD71398,04/30/2018,05/01/2018,Same Day,CUST-9594,Bob Johnson,Consumer,34567.0,New York,Illinois,United States,Central,USCA,PROD-5006,Office Supplies,Phones,Product A,106.93,2,0.3,652.44,95.93,Critical
852,CA-2016-ORD34557,05/01/2018,05/02/2018,Standard Class,CUST-3496,Bob Johnson,Corporate,23456.0,San Francisco,California,United States,South,USCA,PROD-9866,Technology,Chairs,Product B,1462.98,3,0.1,-170.85,40.5,Critical
853,CA-2016-ORD69186,05/02/2018,05/03/2018,First Class,CUST-5309,Bob Johnson,Consumer,34567.0,San Francisco,Illinois,United States,South,USCA,PROD-5168,Technology,Phones,Product C,4233.0,2,0.0,34.06,107.2,Medium
854,CA-2015-ORD99465,05/03/2018,05/04/2018,Standard Class,CUST-3791,Bob Johnson,Consumer,34567.0,Chicago,California,United States,East,USCA,PROD-4290,Technology,Binders,Product A,4943.39,8,0.0,-21.96,178.4,High
855,CA-2014-ORD29810,05/04/2018,05/05/2018,Second Class,CUST-8774,Charlie Brown,Corporate,34567.0,Austin,Illinois,United States,Central,USCA,PROD-7556,Technology,Binders,Product A,2056.61,8,0.1,926.36,36.27,Low
856,CA-2016-ORD72731,05/05/2018,05/06/2018,Standard Class,CUST-2628,Bob Johnson,Home Office,,Austin,Texas,United States,West,USCA,PROD-6498,Technology,Phones,Product A,4711.19,6,0.1,905.51,186.88,Low
857,CA-2013-ORD49430,05/06/2018,05/07/2018,Same Day,CUST-7110,Alice Smith,Home Office,,New York,California,United States,East,USCA,PROD-3902,Office Supplies,Binders,Product C,3048.1,5,0.0,439.66,166.73,High
858,CA-2015-ORD41776,05/07/2018,05/08/2018,Second Class,CUST-4212,Alice Smith,Home Office,23456.0,Austin,Illinois,United States,East,USCA,PROD-4427,Technology,Tables,Product A,4047.48,9,0.0,-30.23,138.24,High
859,CA-2016-ORD15260,05/08/2018,05/09/2018,Standard Class,CUST-4146,Bob Johnson,Consumer,,Austin,Texas,United States,Central,USCA,PROD-4953,Furniture,Phones,Product C,3402.03,9,0.1,414.67,175.59,Critical
860,CA-2016-ORD86703,05/09/2018,05/10/2018,Second Class,CUST-9649,Diana Ross,Home Office,34567.0,San Francisco,Texas,United States,East,USCA,PROD-5107,Office Supplies,Phones,Product C,4327.95,7,0.0,173.92,37.44,Medium
861,CA-2016-ORD36303,05/10/2018,05/11/2018,Standard Class,CUST-3016,Charlie Brown,Home Office,,New York,Texas,United States,West,USCA,PROD-9514,Furniture,Binders,Product A,2071.6,9,0.3,-384.11,31.89,Low
862,CA-2016-ORD12017,05/11/2018,05/12/2018,First Class,CUST-3125,Diana Ross,Corporate,12345.0,San Francisco,California,United States,South,USCA,PROD-5571,Technology,Tables,Product B,3658.51,5,0.2,443.63,160.11,Medium
863,CA-2014-ORD85400,05/12/2018,05/13/2018,Same Day,CUST-1053,Bob Johnson,Consumer,23456.0,Austin,New York,United States,South,USCA,PROD-7452,Office Supplies,Binders,Product A,4367.89,8,0.0,520.57,6.52,Medium
864,CA-2014-ORD26722,05/13/2018,05/14/2018,Second Class,CUST-8678,Bob Johnson,Consumer,23456.0,Chicago,Texas,United States,South,USCA,PROD-2189,Technology,Chairs,Product C,4418.85,2,0.0,275.72,169.74,Low
865,CA-2013-ORD24124,05/14/2018,05/15/2018,Same Day,CUST-2852,Alice Smith,Home Office,34567.0,Austin,California,United States,East,USCA,PROD-8171,Technology,Phones,Product B,4488.93,9,0.2,-473.61,168.02,High
866,CA-2015-ORD21520,05/15/2018,05/16/2018,Same Day,CUST-7728,Alice Smith,Corporate,,San Francisco,New York,United States,Central,USCA,PROD-7289,Furniture,Phones,Product A,1300.79,8,0.3,830.36,10.87,Critical
867,CA-2014-ORD48159,05/16/2018,05/17/2018,Standard Class,CUST-6947,Alice Smith,Corporate,23456.0,Chicago,New York,United States,West,USCA,PROD-9516,Technology,Binders,Product C,4600.95,1,0.0,-476.68,53.79,Critical
868,CA-2015-ORD30737,05/17/2018,05/18/2018,First Class,CUST-8002,Bob Johnson,Corporate,34567.0,San Francisco,Texas,United States,South,USCA,PROD-5029,Technology,Tables,Product B,3661.29,1,0.3,-444.7,19.09,High
869,CA-2014-ORD21251,05/18/2018,05/19/2018,First Class,CUST-1598,Bob Johnson,Consumer,34567.0,Austin,California,United States,West,USCA,PROD-4767,Office Supplies,Tables,Product C,2102.42,8,0.1,-291.84,140.17,Low
870,CA-2013-ORD81207,05/19/2018,05/20/2018,Same Day,CUST-5407,Diana Ross,Corporate,34567.0,San Francisco,California,United States,Central,USCA,PROD-1307,Furniture,Phones,Product A,1344.41,7,0.0,243.92,178.34,Low
871,CA-2013-ORD21150,05/20/2018,05/21/2018,Same Day,CUST-3619,Charlie Brown,Corporate,34567.0,Chicago,California,United States,East,USCA,PROD-3700,Technology,Binders,Product A,145.42,1,0.2,102.06,41.47,High
872,CA-2014-ORD33581,05/21/2018,05/22/2018,First Class,CUST-1181,Bob Johnson,Home Office,12345.0,San Francisco,California,United States,East,USCA,PROD-6457,Technology,Phones,Product C,1241.97,1,0.3,-256.59,116.19,Critical
873,CA-2013-ORD68149,05/22/2018,05/23/2018,First Class,CUST-1588,Alice Smith,Consumer,23456.0,New York,Illinois,United States,South,USCA,PROD-5988,Office Supplies,Chairs,Product C,2060.13,6,0.3,-324.36,39.68,Low
874,CA-2015-ORD36854,05/23/2018,05/24/2018,Second Class,CUST-8604,Alice Smith,Corporate,12345.0,Austin,Texas,United States,East,USCA,PROD-9199,Furniture,Tables,Product A,1002.44,5,0.3,-489.88,114.53,Low
875,CA-2016-ORD72887,05/24/2018,05/25/2018,Same Day,CUST-5110,Bob Johnson,Consumer,,New York,California,United States,West,USCA,PROD-4759,Furniture,Chairs,Product C,3593.47,7,0.2,741.86,177.84,Critical
876,CA-2014-ORD85343,05/25/2018,05/26/2018,First Class,CUST-9246,Charlie Brown,Corporate,,San Francisco,California,United States,Central,USCA,PROD-6084,Office Supplies,Binders,Product A,4950.99,4,0.1,-408.53,196.87,Medium
877,CA-2016-ORD86109,05/26/2018,05/27/2018,First Class,CUST-3062,Diana Ross,Corporate,23456.0,Chicago,Texas,United States,South,USCA,PROD-5653,Furniture,Chairs,Product A,2138.05,3,0.3,340.97,103.75,Low
878,CA-2015-ORD11844,05/27/2018,05/28/2018,Second Class,CUST-3296,Charlie Brown,Home Office,,New York,Illinois,United States,East,USCA,PROD-1654,Office Supplies,Phones,Product A,2778.82,3,0.1,-341.24,138.87,Low
879,CA-2015-ORD64231,05/28/2018,05/29/2018,Standard Class,CUST-2541,Diana Ross,Corporate,34567.0,New York,New York,United States,East,USCA,PROD-3373,Office Supplies,Tables,Product A,584.21,2,0.0,326.08,10.41,Medium
880,CA-2015-ORD44652,05/29/2018,05/30/2018,First Class,CUST-4491,Charlie Brown,Consumer,34567.0,New York,Illinois,United States,Central,USCA,PROD-5718,Technology,Tables,Product C,2518.95,3,0.1,374.23,114.35,Critical
881,CA-2013-ORD67120,05/30/2018,05/31/2018,First Class,CUST-5144,Diana Ross,Consumer,23456.0,Austin,California,United States,Central,USCA,PROD-3005,Technology,Binders,Product B,3681.45,3,0.3,-317.02,168.3,Medium
882,CA-2014-ORD31635,05/31/2018,06/01/2018,Second Class,CUST-2479,Alice Smith,Consumer,34567.0,New York,Illinois,United States,Central,USCA,PROD-3467,Technology,Phones,Product A,4576.89,2,0.2,905.6,18.64,Medium
883,CA-2014-ORD75945,06/01/2018,06/02/2018,Second Class,CUST-3540,Bob Johnson,Consumer,23456.0,Chicago,Illinois,United States,Central,USCA,PROD-9508,Technology,Tables,Product A,2654.81,8,0.0,-414.38,71.27,Low
884,CA-2016-ORD10136,06/02/2018,06/03/2018,First Class,CUST-5122,Charlie Brown,Consumer,12345.0,Chicago,Illinois,United States,East,USCA,PROD-7784,Furniture,Phones,Product A,4184.69,3,0.0,-52.62,60.25,Low
885,CA-2016-ORD39657,06/03/2018,06/04/2018,Second Class,CUST-9520,Bob Johnson,Consumer,23456.0,Chicago,New York,United States,South,USCA,PROD-4874,Furniture,Phones,Product C,4084.3,7,0.3,-369.34,32.96,Critical
886,CA-2013-ORD91897,06/04/2018,06/05/2018,Same Day,CUST-3224,Bob Johnson,Home Office,,Austin,New York,United States,West,USCA,PROD-1385,Office Supplies,Tables,Product B,2880.74,5,0.2,-183.69,188.75,High
887,CA-2013-ORD71550,06/05/2018,06/06/2018,Standard Class,CUST-5123,Diana Ross,Corporate,34567.0,New York,New York,United States,Central,USCA,PROD-5825,Furniture,Binders,Product C,4427.05,7,0.2,292.09,9.81,High
888,CA-2013-ORD77163,06/06/2018,06/07/2018,Standard Class,CUST-1344,Alice Smith,Corporate,34567.0,San Francisco,Texas,United States,Central,USCA,PROD-1307,Furniture,Chairs,Product C,3037.54,8,0.0,898.99,29.81,Critical
889,CA-2014-ORD79901,06/07/2018,06/08/2018,Same Day,CUST-6402,Alice Smith,Home Office,34567.0,Austin,California,United States,East,USCA,PROD-5132,Technology,Chairs,Product B,4243.82,7,0.2,972.32,94.87,Medium
890,CA-2014-ORD98704,06/08/2018,06/09/2018,Same Day,CUST-5354,Charlie Brown,Consumer,23456.0,Austin,Illinois,United States,East,USCA,PROD-1125,Technology,Tables,Product A,4789.92,4,0.3,-242.18,50.47,Medium
891,CA-2015-ORD51545,06/09/2018,06/10/2018,Second Class,CUST-8260,Diana Ross,Home Office,,San Francisco,California,United States,South,USCA,PROD-7907,Office Supplies,Chairs,Product A,3457.54,7,0.3,986.41,55.23,Medium
892,CA-2016-ORD45831,06/10/2018,06/11/2018,First Class,CUST-1277,Charlie Brown,Corporate,12345.0,New York,New York,United States,South,USCA,PROD-4609,Technology,Tables,Product A,3914.39,9,0.1,-371.56,196.22,Medium
893,CA-2013-ORD84307,06/11/2018,06/12/2018,Standard Class,CUST-4469,Bob Johnson,Corporate,34567.0,New York,New York,United States,West,USCA,PROD-6635,Technology,Chairs,Product A,574.47,6,0.2,281.61,140.87,High
894,CA-2013-ORD95944,06/12/2018,06/13/2018,Second Class,CUST-8378,Alice Smith,Consumer,23456.0,Chicago,California,United States,South,USCA,PROD-1248,Technology,Phones,Product C,4391.58,2,0.1,142.57,88.68,Critical
895,CA-2014-ORD91890,06/13/2018,06/14/2018,Same Day,CUST-4342,Alice Smith,Home Office,34567.0,San Francisco,Illinois,United States,South,USCA,PROD-7571,Office Supplies,Binders,Product A,2241.91,2,0.2,-282.93,70.5,High
896,CA-2014-ORD85345,06/14/2018,06/15/2018,Standard Class,CUST-6076,Bob Johnson,Consumer,23456.0,Austin,Texas,United States,West,USCA,PROD-7560,Office Supplies,Phones,Product C,4188.77,2,0.3,122.31,88.85,Medium
897,CA-2016-ORD53487,06/15/2018,06/16/2018,Standard Class,CUST-9719,Alice Smith,Corporate,23456.0,San Francisco,Texas,United States,East,USCA,PROD-2087,Office Supplies,Chairs,Product A,4122.88,2,0.3,662.39,142.19,High
898,CA-2015-ORD10249,06/16/2018,06/17/2018,First Class,CUST-9721,Diana Ross,Consumer,23456.0,San Francisco,California,United States,South,USCA,PROD-6113,Office Supplies,Phones,Product B,357.43,1,0.0,-205.9,119.54,Low
899,CA-2013-ORD48480,06/17/2018,06/18/2018,Second Class,CUST-9977,Bob Johnson,Consumer,,Chicago,New York,United States,East,USCA,PROD-5114,Office Supplies,Tables,Product B,3742.34,1,0.1,-62.17,33.63,Low
900,CA-2015-ORD29930,06/18/2018,06/19/2018,First Class,CUST-6489,Bob Johnson,Home Office,23456.0,Austin,Texas,United States,South,USCA,PROD-5497,Office Supplies,Tables,Product A,234.44,5,0.2,287.75,86.73,Medium
901,CA-2016-ORD83986,06/19/2018,06/20/2018,Standard Class,CUST-7108,Charlie Brown,Consumer,23456.0,Chicago,New York,United States,South,USCA,PROD-5697,Furniture,Binders,Product C,4868.03,7,0.3,525.29,176.17,Medium
902,CA-2016-ORD52247,06/20/2018,06/21/2018,Same Day,CUST-6123,Diana Ross,Consumer,34567.0,San Francisco,Illinois,United States,West,USCA,PROD-9193,Office Supplies,Tables,Product B,1774.09,1,0.2,137.51,22.88,Low
903,CA-2016-ORD95475,06/21/2018,06/22/2018,Standard Class,CUST-6558,Diana Ross,Home Office,34567.0,Chicago,California,United States,Central,USCA,PROD-2064,Office Supplies,Chairs,Product B,1137.49,4,0.0,344.42,149.52,Low
904,CA-2013-ORD81794,06/22/2018,06/23/2018,Second Class,CUST-8226,Alice Smith,Consumer,34567.0,San Francisco,New York,United States,South,USCA,PROD-5789,Technology,Tables,Product A,4155.19,2,0.0,-256.54,28.53,High
905,CA-2013-ORD26957,06/23/2018,06/24/2018,First Class,CUST-1865,Alice Smith,Consumer,34567.0,Austin,Texas,United States,West,USCA,PROD-7565,Furniture,Binders,Product B,689.72,9,0.1,747.63,115.79,Critical
906,CA-2015-ORD43399,06/24/2018,06/25/2018,First Class,CUST-8310,Bob Johnson,Consumer,12345.0,Austin,New York,United States,East,USCA,PROD-2026,Technology,Phones,Product B,330.0,5,0.3,45.92,49.7,Low
907,CA-2016-ORD86765,06/25/2018,06/26/2018,Second Class,CUST-2844,Charlie Brown,Home Office,23456.0,San Francisco,Illinois,United States,Central,USCA,PROD-4926,Office Supplies,Chairs,Product B,3563.61,4,0.3,-270.81,36.7,Medium
908,CA-2016-ORD94309,06/26/2018,06/27/2018,Second Class,CUST-5065,Charlie Brown,Consumer,23456.0,San Francisco,Texas,United States,West,USCA,PROD-2691,Office Supplies,Chairs,Product B,3759.64,9,0.3,-282.98,39.96,Low
909,CA-2016-ORD63184,06/27/2018,06/28/2018,Second Class,CUST-5585,Charlie Brown,Corporate,,San Francisco,New York,United States,South,USCA,PROD-2048,Office Supplies,Chairs,Product A,3070.26,7,0.1,-107.73,177.03,Low
910,CA-2013-ORD13945,06/28/2018,06/29/2018,First Class,CUST-6427,Bob Johnson,Corporate,34567.0,Austin,California,United States,East,USCA,PROD-6807,Furniture,Binders,Product B,2800.71,1,0.0,386.3,140.0,High
911,CA-2014-ORD75957,06/29/2018,06/30/2018,Standard Class,CUST-4843,Bob Johnson,Corporate,,New York,Illinois,United States,West,USCA,PROD-1960,Office Supplies,Binders,Product A,4987.81,9,0.0,-342.64,13.03,High
912,CA-2014-ORD75809,06/30/2018,07/01/2018,Standard Class,CUST-2417,Charlie Brown,Corporate,34567.0,San Francisco,Illinois,United States,Central,USCA,PROD-9849,Furniture,Tables,Product C,331.61,3,0.2,-207.5,70.68,Low
913,CA-2016-ORD89052,07/01/2018,07/02/2018,Second Class,CUST-4566,Alice Smith,Consumer,,New York,California,United States,West,USCA,PROD-2687,Furniture,Tables,Product A,980.8,7,0.0,409.86,42.37,Medium
914,CA-2014-ORD34948,07/02/2018,07/03/2018,Second Class,CUST-6019,Alice Smith,Corporate,23456.0,Chicago,Texas,United States,South,USCA,PROD-9364,Office Supplies,Phones,Product A,3335.0,6,0.2,460.08,7.24,Low
915,CA-2015-ORD28093,07/03/2018,07/04/2018,Second Class,CUST-2184,Alice Smith,Home Office,23456.0,San Francisco,California,United States,East,USCA,PROD-7675,Technology,Phones,Product A,4318.66,8,0.0,246.05,23.86,Low
916,CA-2013-ORD69543,07/04/2018,07/05/2018,Same Day,CUST-7214,Bob Johnson,Home Office,12345.0,San Francisco,Texas,United States,West,USCA,PROD-8496,Furniture,Binders,Product A,1520.71,3,0.1,-137.18,159.2,High
917,CA-2014-ORD91423,07/05/2018,07/06/2018,Same Day,CUST-8396,Alice Smith,Corporate,,Chicago,Illinois,United States,West,USCA,PROD-3264,Office Supplies,Binders,Product A,303.2,9,0.2,658.21,92.89,Medium
918,CA-2013-ORD48032,07/06/2018,07/07/2018,Second Class,CUST-6094,Charlie Brown,Corporate,23456.0,Austin,New York,United States,West,USCA,PROD-3517,Technology,Chairs,Product C,963.89,4,0.2,376.09,84.39,High
919,CA-2015-ORD43594,07/07/2018,07/08/2018,Same Day,CUST-7693,Diana Ross,Consumer,34567.0,San Francisco,New York,United States,West,USCA,PROD-4339,Office Supplies,Chairs,Product B,1336.6,6,0.0,864.99,107.05,Low
920,CA-2013-ORD33206,07/08/2018,07/09/2018,Second Class,CUST-4312,Charlie Brown,Consumer,34567.0,New York,Illinois,United States,South,USCA,PROD-9667,Technology,Phones,Product A,4944.46,9,0.2,956.12,174.43,Medium
921,CA-2015-ORD49801,07/09/2018,07/10/2018,Same Day,CUST-4293,Charlie Brown,Corporate,12345.0,New York,Illinois,United States,East,USCA,PROD-9186,Technology,Tables,Product A,1133.07,4,0.0,-87.75,113.17,High
922,CA-2014-ORD81128,07/10/2018,07/11/2018,First Class,CUST-9091,Bob Johnson,Corporate,,Chicago,New York,United States,East,USCA,PROD-8592,Office Supplies,Tables,Product C,3774.04,3,0.1,361.85,164.79,Medium
923,CA-2013-ORD61017,07/11/2018,07/12/2018,Second Class,CUST-3816,Diana Ross,Home Office,12345.0,San Francisco,California,United States,East,USCA,PROD-7838,Office Supplies,Tables,Product B,4446.88,6,0.3,-254.37,6.35,Medium
924,CA-2013-ORD29356,07/12/2018,07/13/2018,Second Class,CUST-4368,Charlie Brown,Consumer,12345.0,San Francisco,Texas,United States,South,USCA,PROD-5131,Furniture,Chairs,Product B,1826.37,3,0.0,-102.48,103.06,Critical
925,CA-2014-ORD70643,07/13/2018,07/14/2018,Same Day,CUST-2547,Bob Johnson,Consumer,34567.0,Austin,Texas,United States,East,USCA,PROD-8882,Technology,Binders,Product A,3124.87,4,0.2,-318.07,120.48,Low
926,CA-2014-ORD39532,07/14/2018,07/15/2018,Second Class,CUST-2469,Alice Smith,Corporate,23456.0,New York,New York,United States,Central,USCA,PROD-4330,Furniture,Chairs,Product B,724.96,8,0.0,165.04,41.64,Medium
927,CA-2016-ORD84413,07/15/2018,07/16/2018,Same Day,CUST-5714,Bob Johnson,Consumer,23456.0,Austin,Illinois,United States,Central,USCA,PROD-3815,Furniture,Chairs,Product B,2277.46,4,0.0,345.41,131.67,Medium
928,CA-2015-ORD81895,07/16/2018,07/17/2018,Second Class,CUST-4526,Charlie Brown,Corporate,12345.0,Chicago,California,United States,Central,USCA,PROD-3201,Technology,Binders,Product B,2395.86,6,0.2,498.61,77.62,Critical
929,CA-2014-ORD40366,07/17/2018,07/18/2018,Standard Class,CUST-9628,Bob Johnson,Consumer,23456.0,New York,Illinois,United States,East,USCA,PROD-6089,Office Supplies,Tables,Product C,797.05,4,0.2,894.27,89.12,Medium
930,CA-2014-ORD49876,07/18/2018,07/19/2018,Second Class,CUST-8425,Charlie Brown,Home Office,12345.0,Austin,New York,United States,Central,USCA,PROD-4700,Office Supplies,Chairs,Product A,720.97,1,0.2,259.17,43.48,Low
931,CA-2014-ORD65489,07/19/2018,07/20/2018,Standard Class,CUST-4619,Bob Johnson,Home Office,34567.0,New York,New York,United States,East,USCA,PROD-9500,Technology,Binders,Product B,2870.86,3,0.1,458.69,80.0,Critical
932,CA-2013-ORD41393,07/20/2018,07/21/2018,Same Day,CUST-1361,Alice Smith,Consumer,,New York,New York,United States,South,USCA,PROD-6760,Technology,Chairs,Product A,3612.19,2,0.3,550.19,57.51,Medium
933,CA-2014-ORD80487,07/21/2018,07/22/2018,Second Class,CUST-1332,Charlie Brown,Corporate,23456.0,New York,New York,United States,South,USCA,PROD-6417,Technology,Binders,Product C,2891.35,6,0.3,704.62,167.69,High
934,CA-2013-ORD57630,07/22/2018,07/23/2018,Same Day,CUST-4786,Alice Smith,Corporate,23456.0,San Francisco,Illinois,United States,South,USCA,PROD-2196,Technology,Chairs,Product B,4302.86,3,0.0,145.17,72.72,Critical
935,CA-2015-ORD43891,07/23/2018,07/24/2018,First Class,CUST-2793,Alice Smith,Corporate,34567.0,Austin,Texas,United States,South,USCA,PROD-6755,Furniture,Phones,Product A,3231.19,7,0.0,960.54,186.53,Medium
936,CA-2016-ORD95619,07/24/2018,07/25/2018,Standard Class,CUST-4740,Diana Ross,Home Office,23456.0,San Francisco,Illinois,United States,Central,USCA,PROD-1809,Furniture,Phones,Product B,1963.61,7,0.3,-255.52,12.4,Low
937,CA-2015-ORD49858,07/25/2018,07/26/2018,Same Day,CUST-4134,Alice Smith,Corporate,12345.0,New York,California,United States,East,USCA,PROD-1478,Furniture,Binders,Product A,4722.89,5,0.0,84.75,91.3,High
938,CA-2016-ORD76311,07/26/2018,07/27/2018,First Class,CUST-9947,Bob Johnson,Home Office,12345.0,San Francisco,California,United States,West,USCA,PROD-5563,Office Supplies,Chairs,Product B,3011.88,3,0.2,-224.73,145.43,Low
939,CA-2013-ORD73926,07/27/2018,07/28/2018,Same Day,CUST-1919,Diana Ross,Home Office,,Chicago,California,United States,Central,USCA,PROD-5053,Technology,Chairs,Product A,3798.24,4,0.0,-390.41,121.58,Low
940,CA-2013-ORD28294,07/28/2018,07/29/2018,First Class,CUST-2554,Bob Johnson,Corporate,23456.0,San Francisco,New York,United States,East,USCA,PROD-5730,Office Supplies,Phones,Product A,3614.74,8,0.0,-241.32,154.75,Critical
941,CA-2014-ORD48959,07/29/2018,07/30/2018,Second Class,CUST-1185,Charlie Brown,Corporate,,Chicago,Illinois,United States,East,USCA,PROD-3055,Furniture,Phones,Product B,377.75,2,0.2,213.76,163.67,High
942,CA-2016-ORD30269,07/30/2018,07/31/2018,Second Class,CUST-2639,Charlie Brown,Consumer,23456.0,New York,California,United States,East,USCA,PROD-7161,Technology,Binders,Product C,3408.25,8,0.0,-340.51,114.33,Low
943,CA-2014-ORD72900,07/31/2018,08/01/2018,Same Day,CUST-6410,Charlie Brown,Home Office,,Austin,Illinois,United States,Central,USCA,PROD-2768,Office Supplies,Tables,Product A,2133.75,8,0.1,176.04,135.16,Medium
944,CA-2016-ORD37410,08/01/2018,08/02/2018,Second Class,CUST-9815,Bob Johnson,Consumer,34567.0,Austin,California,United States,South,USCA,PROD-9033,Office Supplies,Tables,Product A,4608.9,8,0.0,-237.52,108.91,Low
945,CA-2014-ORD29501,08/02/2018,08/03/2018,Standard Class,CUST-7808,Charlie Brown,Home Office,12345.0,Chicago,California,United States,South,USCA,PROD-7363,Technology,Binders,Product C,2425.24,7,0.2,-430.02,68.21,Critical
946,CA-2014-ORD86270,08/03/2018,08/04/2018,First Class,CUST-5485,Bob Johnson,Home Office,34567.0,Chicago,California,United States,East,USCA,PROD-9683,Office Supplies,Binders,Product A,2639.69,5,0.1,-498.42,101.69,Critical
947,CA-2014-ORD36956,08/04/2018,08/05/2018,Second Class,CUST-5637,Diana Ross,Consumer,12345.0,San Francisco,Illinois,United States,East,USCA,PROD-4820,Technology,Binders,Product A,1381.14,1,0.1,367.1,168.2,Critical
948,CA-2016-ORD31329,08/05/2018,08/06/2018,Same Day,CUST-5670,Charlie Brown,Consumer,12345.0,New York,California,United States,East,USCA,PROD-9047,Office Supplies,Phones,Product A,617.31,7,0.3,-105.07,116.22,Medium
949,CA-2014-ORD48823,08/06/2018,08/07/2018,Same Day,CUST-3307,Diana Ross,Corporate,23456.0,Chicago,New York,United States,Central,USCA,PROD-9731,Office Supplies,Phones,Product B,2302.99,4,0.1,100.36,37.19,High
950,CA-2014-ORD23003,08/07/2018,08/08/2018,First Class,CUST-3509,Diana Ross,Corporate,12345.0,Austin,New York,United States,West,USCA,PROD-2323,Office Supplies,Tables,Product C,2196.26,1,0.0,733.94,174.25,Low
951,CA-2016-ORD17503,08/08/2018,08/09/2018,Second Class,CUST-7114,Alice Smith,Home Office,12345.0,Austin,California,United States,South,USCA,PROD-7331,Technology,Tables,Product C,3030.06,7,0.0,682.62,106.41,Low
952,CA-2014-ORD58102,08/09/2018,08/10/2018,Second Class,CUST-1696,Bob Johnson,Home Office,,Chicago,Illinois,United States,East,USCA,PROD-6879,Technology,Binders,Product B,792.66,1,0.2,-100.17,159.72,Medium
953,CA-2013-ORD46934,08/10/2018,08/11/2018,Same Day,CUST-9486,Charlie Brown,Consumer,34567.0,Austin,Texas,United States,South,USCA,PROD-9694,Furniture,Chairs,Product B,190.75,4,0.1,-9.13,49.95,Low
954,CA-2016-ORD24545,08/11/2018,08/12/2018,Standard Class,CUST-7677,Bob Johnson,Home Office,,New York,Illinois,United States,East,USCA,PROD-4228,Office Supplies,Phones,Product C,1592.67,9,0.2,328.51,99.96,High
955,CA-2015-ORD81257,08/12/2018,08/13/2018,Second Class,CUST-3880,Charlie Brown,Consumer,12345.0,New York,Illinois,United States,East,USCA,PROD-7984,Furniture,Phones,Product A,741.78,3,0.3,-245.67,75.51,High
956,CA-2014-ORD16974,08/13/2018,08/14/2018,Same Day,CUST-9446,Diana Ross,Corporate,12345.0,San Francisco,New York,United States,South,USCA,PROD-7871,Furniture,Binders,Product B,4616.22,3,0.2,530.14,40.4,High
957,CA-2013-ORD66606,08/14/2018,08/15/2018,Second Class,CUST-2428,Diana Ross,Consumer,12345.0,Chicago,Texas,United States,South,USCA,PROD-9000,Technology,Tables,Product A,2774.9,2,0.2,-499.07,40.28,Critical
958,CA-2016-ORD62530,08/15/2018,08/16/2018,Second Class,CUST-6893,Diana Ross,Consumer,12345.0,Chicago,New York,United States,Central,USCA,PROD-9332,Office Supplies,Binders,Product C,581.32,2,0.1,-198.41,77.25,High
959,CA-2016-ORD80770,08/16/2018,08/17/2018,First Class,CUST-8692,Alice Smith,Corporate,34567.0,New York,California,United States,South,USCA,PROD-4751,Furniture,Chairs,Product C,4742.67,2,0.1,-46.41,149.7,High
960,CA-2014-ORD50373,08/17/2018,08/18/2018,Standard Class,CUST-8578,Bob Johnson,Consumer,23456.0,Austin,Illinois,United States,East,USCA,PROD-5836,Furniture,Phones,Product B,1164.46,7,0.0,31.04,159.42,Low
961,CA-2016-ORD69097,08/18/2018,08/19/2018,Second Class,CUST-1558,Alice Smith,Home Office,12345.0,New York,California,United States,South,USCA,PROD-8949,Office Supplies,Chairs,Product B,4208.91,2,0.3,88.98,68.75,High
962,CA-2016-ORD67202,08/19/2018,08/20/2018,First Class,CUST-1174,Alice Smith,Home Office,23456.0,Austin,Texas,United States,West,USCA,PROD-6159,Office Supplies,Chairs,Product A,3601.59,8,0.1,915.86,122.3,High
963,CA-2014-ORD59899,08/20/2018,08/21/2018,Same Day,CUST-7635,Charlie Brown,Corporate,34567.0,Chicago,Illinois,United States,Central,USCA,PROD-5414,Office Supplies,Chairs,Product B,1422.08,9,0.2,224.66,129.87,High
964,CA-2014-ORD24316,08/21/2018,08/22/2018,First Class,CUST-8789,Diana Ross,Corporate,,Austin,New York,United States,East,USCA,PROD-5944,Technology,Binders,Product B,4053.76,3,0.0,-46.31,130.97,Critical
965,CA-2016-ORD92922,08/22/2018,08/23/2018,First Class,CUST-6294,Diana Ross,Home Office,34567.0,Austin,Illinois,United States,West,USCA,PROD-1461,Furniture,Phones,Product C,4177.79,2,0.3,355.51,132.22,High
966,CA-2016-ORD14087,08/23/2018,08/24/2018,Standard Class,CUST-4614,Charlie Brown,Home Office,23456.0,San Francisco,Texas,United States,West,USCA,PROD-4612,Furniture,Tables,Product C,1055.01,9,0.2,37.34,147.26,Low
967,CA-2013-ORD19962,08/24/2018,08/25/2018,Same Day,CUST-1788,Diana Ross,Consumer,34567.0,Austin,Texas,United States,Central,USCA,PROD-4996,Office Supplies,Phones,Product B,1027.75,3,0.1,534.84,21.79,Low
968,CA-2016-ORD95339,08/25/2018,08/26/2018,Standard Class,CUST-4723,Bob Johnson,Corporate,23456.0,Austin,Illinois,United States,South,USCA,PROD-6209,Office Supplies,Tables,Product C,3471.56,8,0.0,189.06,8.48,High
969,CA-2014-ORD10959,08/26/2018,08/27/2018,First Class,CUST-6597,Diana Ross,Consumer,23456.0,San Francisco,New York,United States,West,USCA,PROD-3224,Office Supplies,Chairs,Product A,828.9,4,0.0,-265.3,138.48,High
970,CA-2016-ORD49531,08/27/2018,08/28/2018,Standard Class,CUST-7239,Alice Smith,Corporate,,San Francisco,Illinois,United States,Central,USCA,PROD-2345,Office Supplies,Chairs,Product C,1563.06,8,0.3,-250.15,31.89,Critical
971,CA-2016-ORD46134,08/28/2018,08/29/2018,Same Day,CUST-7667,Bob Johnson,Home Office,34567.0,Austin,Texas,United States,East,USCA,PROD-9863,Technology,Phones,Product B,4836.22,1,0.0,200.43,195.94,Critical
972,CA-2014-ORD73089,08/29/2018,08/30/2018,First Class,CUST-1381,Charlie Brown,Corporate,23456.0,San Francisco,Illinois,United States,East,USCA,PROD-5777,Office Supplies,Chairs,Product B,1578.1,3,0.2,989.77,83.17,Critical
973,CA-2013-ORD11894,08/30/2018,08/31/2018,Same Day,CUST-3451,Diana Ross,Consumer,34567.0,Austin,New York,United States,West,USCA,PROD-7962,Furniture,Chairs,Product C,586.7,9,0.3,522.56,93.64,High
974,CA-2015-ORD16923,08/31/2018,09/01/2018,Standard Class,CUST-4035,Bob Johnson,Home Office,23456.0,New York,Illinois,United States,Central,USCA,PROD-6456,Technology,Phones,Product C,1455.27,3,0.1,-184.85,30.17,Medium
975,CA-2015-ORD56102,09/01/2018,09/02/2018,Same Day,CUST-8716,Charlie Brown,Corporate,12345.0,Austin,Texas,United States,West,USCA,PROD-3410,Furniture,Binders,Product C,4960.24,2,0.2,-279.09,129.95,Medium
976,CA-2016-ORD68555,09/02/2018,09/03/2018,First Class,CUST-4123,Charlie Brown,Corporate,12345.0,Austin,Illinois,United States,East,USCA,PROD-4158,Office Supplies,Chairs,Product A,3387.94,5,0.3,-471.24,146.6,High
977,CA-2016-ORD34782,09/03/2018,09/04/2018,Same Day,CUST-9960,Alice Smith,Corporate,34567.0,New York,Texas,United States,South,USCA,PROD-5342,Office Supplies,Binders,Product C,3514.64,1,0.2,858.08,96.12,High
978,CA-2014-ORD35425,09/04/2018,09/05/2018,First Class,CUST-1811,Bob Johnson,Home Office,12345.0,Austin,California,United States,South,USCA,PROD-2907,Technology,Phones,Product C,2035.07,6,0.0,-331.07,116.21,Low
979,CA-2016-ORD96510,09/05/2018,09/06/2018,Second Class,CUST-5162,Diana Ross,Corporate,23456.0,New York,Texas,United States,East,USCA,PROD-8482,Technology,Tables,Product C,4117.64,3,0.3,-332.99,168.76,Critical
980,CA-2015-ORD65754,09/06/2018,09/07/2018,Same Day,CUST-4246,Bob Johnson,Home Office,12345.0,San Francisco,Illinois,United States,Central,USCA,PROD-9467,Office Supplies,Chairs,Product B,2832.74,9,0.0,650.96,142.2,High
981,CA-2016-ORD81955,09/07/2018,09/08/2018,Same Day,CUST-8494,Bob Johnson,Home Office,12345.0,Austin,Texas,United States,West,USCA,PROD-4074,Office Supplies,Tables,Product B,635.11,6,0.0,54.34,50.44,Critical
982,CA-2015-ORD92054,09/08/2018,09/09/2018,Same Day,CUST-9639,Bob Johnson,Consumer,23456.0,San Francisco,California,United States,East,USCA,PROD-7855,Office Supplies,Phones,Product B,4152.88,7,0.0,964.52,37.69,High
983,CA-2014-ORD46549,09/09/2018,09/10/2018,Second Class,CUST-9356,Bob Johnson,Corporate,12345.0,Chicago,New York,United States,Central,USCA,PROD-1268,Furniture,Chairs,Product B,492.97,3,0.0,-238.4,171.23,Critical
984,CA-2014-ORD42732,09/10/2018,09/11/2018,Second Class,CUST-7683,Diana Ross,Home Office,12345.0,San Francisco,California,United States,West,USCA,PROD-2699,Office Supplies,Tables,Product C,2070.9,5,0.3,-242.96,39.22,Medium
985,CA-2013-ORD86954,09/11/2018,09/12/2018,Same Day,CUST-7304,Charlie Brown,Consumer,12345.0,Austin,New York,United States,Central,USCA,PROD-9286,Office Supplies,Phones,Product A,484.18,3,0.0,441.44,165.55,Medium
986,CA-2013-ORD58776,09/12/2018,09/13/2018,Standard Class,CUST-5840,Charlie Brown,Corporate,23456.0,Austin,Illinois,United States,East,USCA,PROD-8570,Office Supplies,Tables,Product B,3234.31,3,0.0,-340.82,42.27,Medium
987,CA-2016-ORD14746,09/13/2018,09/14/2018,Standard Class,CUST-7888,Alice Smith,Corporate,23456.0,Austin,Illinois,United States,West,USCA,PROD-4357,Office Supplies,Chairs,Product A,3835.0,1,0.0,799.73,128.52,Medium
988,CA-2015-ORD83620,09/14/2018,09/15/2018,Standard Class,CUST-1917,Alice Smith,Corporate,34567.0,New York,Illinois,United States,East,USCA,PROD-1618,Office Supplies,Phones,Product A,2854.06,6,0.3,287.69,141.84,Critical
989,CA-2015-ORD95463,09/15/2018,09/16/2018,Standard Class,CUST-1059,Alice Smith,Corporate,23456.0,Austin,Texas,United States,South,USCA,PROD-6548,Office Supplies,Chairs,Product C,3139.7,2,0.2,840.43,67.8,Critical
990,CA-2014-ORD74867,09/16/2018,09/17/2018,Same Day,CUST-2343,Bob Johnson,Home Office,12345.0,San Francisco,California,United States,South,USCA,PROD-1326,Technology,Phones,Product A,550.03,1,0.1,-262.75,109.22,Critical
991,CA-2014-ORD55768,09/17/2018,09/18/2018,Second Class,CUST-9875,Alice Smith,Corporate,23456.0,San Francisco,Texas,United States,South,USCA,PROD-7998,Technology,Chairs,Product B,381.06,9,0.1,977.68,170.06,Low
992,CA-2014-ORD87116,09/18/2018,09/19/2018,Same Day,CUST-4306,Bob Johnson,Home Office,23456.0,Austin,New York,United States,South,USCA,PROD-5553,Office Supplies,Binders,Product B,4298.45,7,0.1,178.61,122.72,High
993,CA-2015-ORD95039,09/19/2018,09/20/2018,Second Class,CUST-3772,Charlie Brown,Home Office,34567.0,Austin,New York,United States,East,USCA,PROD-5051,Technology,Binders,Product A,747.98,7,0.1,-398.44,168.86,Critical
994,CA-2013-ORD87309,09/20/2018,09/21/2018,Standard Class,CUST-9905,Alice Smith,Corporate,,New York,California,United States,Central,USCA,PROD-1726,Furniture,Tables,Product B,2888.2,6,0.2,703.9,178.73,Medium
995,CA-2013-ORD10078,09/21/2018,09/22/2018,Second Class,CUST-7800,Charlie Brown,Corporate,,New York,New York,United States,South,USCA,PROD-6635,Furniture,Binders,Product A,3588.01,8,0.2,765.45,187.57,Low
996,CA-2016-ORD45270,09/22/2018,09/23/2018,Same Day,CUST-3417,Alice Smith,Consumer,12345.0,New York,Texas,United States,East,USCA,PROD-8561,Technology,Tables,Product C,256.79,7,0.1,-470.46,148.48,Medium
997,CA-2013-ORD60923,09/23/2018,09/24/2018,First Class,CUST-2323,Charlie Brown,Home Office,,San Francisco,New York,United States,Central,USCA,PROD-9026,Office Supplies,Phones,Product B,492.77,6,0.2,-240.53,147.35,Medium
998,CA-2014-ORD40685,09/24/2018,09/25/2018,First Class,CUST-5574,Diana Ross,Corporate,,Chicago,Illinois,United States,East,USCA,PROD-4607,Technology,Phones,Product C,4812.59,4,0.0,150.09,43.34,Low
999,CA-2016-ORD57787,09/25/2018,09/26/2018,Standard Class,CUST-3738,Diana Ross,Consumer,34567.0,Chicago,New York,United States,South,USCA,PROD-7517,Office Supplies,Binders,Product B,3565.14,2,0.1,643.08,194.37,Low
1000,CA-2013-ORD90898,09/26/2018,09/27/2018,First Class,CUST-6382,Diana Ross,Corporate,23456.0,New York,New York,United States,East,USCA,PROD-5791,Office Supplies,Phones,Product B,70.27,6,0.3,-452.62,43.43,Critical
